1684 2593
211 138 258 173 90
436 161 439 163 >
629 147 662 171 Ρ.
695 146 859 171 wiltuim
889 146 1064 170 MARONIS

218 235 347 278 ‘Nate7
372 236 457 278 quis
477 234 687 269 indomitas
707 238 842 268 tantus
862 233 969 267 dolor
987 234 1131 268 excitat
1151 235 1256 268 iras?

212 296 313 338 Quid
333 297 459 331 furis?
488 301 556 330 aut
576 307 744 339 quonam
763 296 888 329 nostri
906 294 978 329 tibi
997 306 1090 329 cura
1108 296 1265 329 recessit
1277 294 1294 329 ἶ)

212 358 299 392 Non
318 359 424 401 prius
444 359 614 400 aspicies,
640 356 704 390 ubi
725 357 870 391 fessum
889 359 1016 390 aetate
1034 360 1229 399 parentem

212 419 386 463 Liqueris
405 419 601 453 Anchisen
618 418 634 453 i>
663 421 813 461 superet
831 416 1051 460 conjunxne
1071 417 1227 459 Creusa,

211 480 478 522 Ascaniusque
496 491 588 522 puer
602 480 618 513 ἱ)
646 490 740 522 quos
759 489 892 514 omnes
909 477 1078 521 undique
1101 477 1230 511 Graiae

212 541 367 576 Circum
384 546 515 575 errant
535 542 634 575 acies
650 552 657 584 3
686 545 721 574 et
742 541 784 574 ni
802 552 886 574 inea
905 551 998 574 cura
1016 540 1184 581 resistat,

212 603 305 637 Jam
322 601 502 637 flammae
520 602 690 645 tulerint,
715 603 894 636 inimicus
913 606 950 636 et
969 601 1142 635 hauserit
1161 602 1274 635 ensis.

212 665 298 699 Non
316 663 388 698 tibi
405 663 642 706 Tyndaridis
661 663 779 698 facies
798 665 926 697 invisa
945 663 1154 706 Lacaenae,

212 726 450 769 Culpatusve
468 725 583 760 Paris
601 737 608 759 :
639 725 784 759 Divum
802 724 1058 767 inclementia,
1084 724 1238 766 Divum,

211 787 297 822 Has
315 788 453 821 evertit
473 797 572 830 opes,
598 787 810 829 sternitque
829 798 852 819 a
870 785 1037 820 culmine
1054 784 1222 827 Trojam.

212 848 568 891 Aspice—namque
585 858 747 890 omnem,
771 857 867 889 quae
886 857 988 879 nuno
1008 844 1174 879 obducta
1193 846 1317 879 tuenti

212 908 397 944 Mortales
415 907 571 943 hebetat
589 909 698 942 visus
717 906 798 949 tibi,
823 913 859 941 et
879 905 1012 940 umida
1031 908 1176 940 circum

213 970 378 1013 Caligat,
404 969 544 1004 nubem
561 970 722 1012 eripiam
740 980 746 1002 :
778 972 821 1002 tu
841 979 887 1001 ne
907 979 981 1010 qua
1000 968 1173 1010 parentis

213 1032 239 1067 J
242 1045 334 1067 ussa
352 1034 454 1075 time7
480 1043 553 1066 neu
572 1032 784 1074 praeceptis
802 1041 935 1073 parere
953 1041 1136 1064 recusa—

213 1094 298 1138 Hic,
323 1093 389 1127 ubi
408 1092 591 1144 disjectas
610 1092 728 1127 moles
747 1091 958 1135 avulsaque
977 1092 1084 1126 saxis

214 1156 316 1191 Saxa
334 1154 454 1195 vides,
477 1155 675 1197 mixtoque
692 1153 906 1187 undantem
925 1153 1080 1196 pulvere
1100 1153 1260 1194 funium7

213 1217 416 1260 Neptunus
434 1227 566 1250 muros
583 1226 799 1257 magnoque
816 1221 944 1249 emota
963 1214 1122 1248 tridenti

213 1277 484 1312 Fundamenta
504 1277 643 1320 quatit,
664 1279 863 1318 totamque
883 1288 905 1309 a
925 1274 1078 1309 sedibus
1100 1274 1233 1309 urbem

214 1340 339 1373 Eruit.
397 1338 472 1372 Hic
491 1337 518 1372 J
519 1348 598 1371 uno
617 1337 755 1372 Scaeas
775 1338 1005 1371 saevissima
1024 1344 1158 1379 portas

214 1401 347 1435 Prima
366 1404 480 1443 tenet,
505 1400 725 1441 sociumque
744 1397 876 1432 furens
896 1410 918 1431 a
937 1397 1104 1431 navibus
1124 1408 1262 1440 agmen

215 1462 332 1496 Ferro
351 1462 526 1495 accincta
544 1463 671 1494 vocat.

215 1522 241 1558 J
245 1535 308 1557 am
328 1534 500 1557 summas
519 1533 626 1556 arces
643 1521 830 1564 Tritonia,
855 1522 1009 1563 respice
1035 1519 1167 1554 Pallas

215 1582 372 1626 Insedit,
397 1580 528 1616 nimbo
546 1581 733 1625 effulgens
752 1586 789 1615 et
809 1581 988 1623 Gorgone
1007 1591 1135 1614 saeva.

214 1642 302 1687 Ipse
319 1643 437 1678 Pater
455 1643 603 1693 Danais
621 1644 773 1677 animos
791 1644 965 1684 viresque
984 1640 1171 1675 secundas

216 1703 364 1740 Sufficit
380 1716 387 1738 :
418 1705 498 1746 ipse
517 1702 606 1738 deos
625 1705 666 1736 in
684 1702 868 1736 Dardana
888 1703 1053 1736 suscitat
1073 1713 1192 1735 arma.

199 1765 341 1809 ‚Eripe7
364 1771 465 1808 nate7
492 1764 636 1807 fugam,
660 1763 849 1806 finemque
868 1765 1018 1805 impone
1036 1761 1168 1796 labori.

216 1827 418 1870 Nusquam
437 1825 563 1869 abero,
584 1830 622 1859 et
640 1829 771 1859 tutum
789 1826 916 1867 patrio
934 1828 972 1858 te
990 1823 1123 1858 limine
1141 1823 1306 1858 sista1n.'

216 1887 388 1930 Dixerat,
412 1890 449 1920 et
469 1887 605 1928 spissis
624 1887 751 1920 noctis
770 1897 809 1919 se
828 1884 1001 1918 condidit
1019 1883 1177 1918 umbris.

216 1948 415 1991 Apparent
434 1946 540 1981 dirae
558 1947 686 1989 facies,
712 1947 943 1989 inimicaque
960 1944 1097 1987 Trojae

218 2009 389 2044 Numina
407 2020 551 2051 magna
571 2007 693 2042 deum.

267 2069 367 2103 Tum
384 2080 476 2103 vero
495 2080 606 2102 omne
620 2068 718 2102 mihi
737 2069 866 2102 visum
885 2066 1081 2101 considere
1100 2068 1139 2100 in
1158 2067 1266 2109 ignes

218 2130 345 2175 Ilium,
369 2136 407 2165 et
424 2142 471 2165 ex
490 2132 567 2164 imo
590 2131 686 2164 verti
704 2130 898 2172 Neptunia
916 2128 1042 2171 Troja.

1406 293 1477 327 595

1407 600 1479 633 (500

1407 904 1480 938 4305

1409 1212 1481 1246 <310

1409 1518 1481 1552 ⁴314)

1409 1821 1481 1856 620

1409 2124 1482 2161 625
