1684 2593
595 180 795 207 Ammnos
820 178 896 208 Lm.
928 179 970 209 11.
1378 174 1418 210 21

158 272 214 304 Ac
231 269 354 304 veluti
373 270 536 305 summis
555 269 757 313 antiquam
775 271 816 304 in
833 269 1032 305 montibus
1050 281 1189 305 ornum

157 329 255 365 Cum
273 330 374 364 ferro
392 331 561 365 accisam
578 329 794 374 crebrisque
812 329 1040 373 bipennibus
1058 332 1209 366 instant·

157 389 299 426 Eruere
317 390 508 433 agricolae
525 392 726 436 certatim3
757 390 825 425 illa
842 403 962 432 usque
983 393 1166 436 minatur,

156 451 208 486 Et
225 452 452 486 tremefacta
470 463 622 486 comam
639 463 826 487 concusso
843 453 987 487 vertice
1003 458 1118 487 nutat
1135 465 1142 487 :

157 511 387 548 Vulneribus
405 512 524 548 donec
541 513 733 557 paulatim
749 515 889 557 evicta,
912 521 1134 557 supremum
1347 515 1420 549 630

155 573 396 619 Congemuit,
418 575 617 618 traxitque
633 574 738 618 jugis
757 575 896 610 avulsa
914 577 1080 610 ruinam.

155 634 359 679 Descendo,
384 647 430 670 ac
448 635 611 671 ducente
628 636 708 671 Deo
724 635 926 670 flammam
944 638 1044 671 inter
1061 646 1098 671 et
1118 637 1253 673 hostes

155 696 346 740 Expedior
363 708 372 743 3
400 696 497 731 dant
514 697 592 732 tela
609 696 750 740 locum,
771 696 1025 741 flammaeque
1041 699 1234 733 recedunt.

203 758 331 802 Atque
346 757 414 792 ubi
430 758 512 802 jam
529 760 678 802 patriae
694 767 923 802 perventum
941 758 991 794 ad
1008 759 1145 794 limina
1165 759 1265 794 sedis

1347 821 1368 855 Φ.)

1373 821 1393 854 00

1398 820 1419 855 υι

154 819 420 863 Antiquasque
437 818 582 863 domos,
607 821 768 863 genitor,
793 832 905 864 quem
921 820 1055 855 tollere
1072 822 1113 854 in
1133 821 1234 855 altos

154 879 347 923 Optabam
363 881 533 923 primum
549 887 710 924 montes,
736 882 976 924 primumque
994 880 1179 925 petebam,

153 940 333 984 Abnegat
349 942 480 976 excisa
496 941 623 976 Vitam
639 940 847 984 producere
863 941 938 975 Tro
941 941 991 984 ja,

153 1001 420 1046 Exsiliumque
436 1002 530 1046 pati„
593 1003 602 1021 ⁴
614 1001 693 1037 Vos
712 1014 745 1045 o,
770 1002 908 1045 quibus
927 1004 1075 1045 integer
1095 1004 1180 1038 aevi

154 1063 350 1106 Sanguis,'
367 1064 434 1107 ait,
464 1061 703 1107 ‘solidaeque
722 1075 791 1099 suo
811 1068 919 1099 stant
937 1063 1071 1099 robore
1089 1066 1203 1108 vires,

154 1122 233 1158 Vos
251 1125 398 1166 agitate
415 1123 560 1167 fugam.
1348 1125 1421 1160 640

153 1183 215 1219 Me
232 1185 267 1219 si
284 1184 486 1219 caelicolae
502 1184 716 1220 voluissent
737 1185 873 1221 ducere
889 1187 1025 1229 vitam,

153 1244 240 1280 Has
256 1245 356 1280 mihi
373 1252 592 1281 servassent
612 1246 718 1282 sedes
736 1259 743 1281 :
775 1249 872 1282 satis
890 1259 969 1281 una
988 1259 1173 1291 superque

154 1305 332 1341 Vidimus
349 1306 508 1351 excidia,
531 1314 570 1342 et
588 1316 723 1350 captae
741 1310 1009 1350 superavimus
1027 1308 1124 1342 urbi.

155 1366 216 1402 Sic
235 1378 267 1410 o,
292 1368 347 1401 sic
365 1368 535 1410 positum
554 1367 666 1402 affati
683 1367 868 1403 discedite
885 1379 1034 1411 corpus.
1226 1401 1235 1404 -

155 1428 242 1471 Ipse
258 1439 378 1462 manu
394 1435 558 1462 mortem
575 1429 782 1463 inveniam.
841 1428 1085 1463 Miserebitur
1103 1428 1240 1473 hostis,
1346 1428 1420 1464 645

155 1488 404 1532 Exuviasque
420 1494 521 1532 petet
539 1500 547 1524 :
577 1489 705 1524 facilis
722 1489 875 1532 jactura
894 1490 1067 1533 sepulcri.

159 1549 398 1593 Iampridem
414 1552 565 1585 invisus
585 1549 686 1585 divis
705 1556 742 1585 et
761 1551 913 1586 inutilis
932 1563 1056 1587 annos

161 1611 338 1646 Demoror
355 1623 363 1656 3
391 1623 439 1646 ex
456 1623 531 1656 quo
548 1623 609 1647 me
626 1611 761 1647 divum
778 1620 886 1656 pater
904 1620 1018 1656 atque
1034 1613 1236 1647 hominum
1254 1625 1322 1648 rex

156 1672 350 1708 Fulminis
368 1671 519 1708 afflavit
536 1675 675 1718 ventis,
697 1678 735 1708 et
755 1676 920 1717 contigit
938 1675 1049 1717 igni.’

203 1733 315 1768 Talia
332 1734 531 1777 perstabat
547 1746 776 1778 memorans,
801 1734 977 1778 fixusque
993 1735 1187 1770 manebat.
1344 1735 1418 1770 650

156 1794 238 1829 Nos
255 1800 392 1829 contra
407 1795 521 1830 effusi
537 1795 720 1840 lacrimis,
744 1795 988 1840 conjunxque
1006 1796 1160 1839 Creusa,

157 1857 433 1900 Ascaniusque,
457 1858 656 1900 omnisque
673 1856 821 1901 domus,
845 1868 894 1892 ne
910 1865 1058 1892 vertere
1077 1869 1206 1892 secum

158 1916 309 1952 Cuncta
326 1921 436 1960 pater
453 1917 609 1960 fatoque
624 1919 780 1960 urgenti
798 1917 1016 1952 incumbere
1032 1917 1157 1952 vellet.

158 1976 347 2022 Abnegat,
371 1979 596 2021 inceptoque
610 1982 649 2012 et
667 1977 821 2013 sedibus
839 1978 970 2013 haeret
990 1980 1031 2012 in
1048 1978 1180 2013 isdem.

157 2036 312 2073 Rursus
329 2039 370 2072 in
388 2050 498 2072 arma
516 2038 626 2082 feror,
650 2044 886 2082 mortemque
903 2041 1140 2074 miserrimus
1159 2047 1258 2082 opto.
1349 2037 1423 2074 655

158 2098 262 2134 Nam
278 2098 379 2142 quod
397 2099 611 2142 consilium,
636 2104 704 2134 aut
723 2100 819 2143 quae
836 2099 917 2143 jam
935 2100 1093 2146 fortuna
1112 2099 1279 2134 dabatur
1292 2100 1309 2135 ἱ)

166 2157 296 2195 ‘Mene
311 2159 443 2195 efferre
459 2158 602 2203 pedem,
626 2161 787 2203 genitor,
811 2165 850 2196 te
866 2171 978 2204 posse
995 2160 1129 2196 relicto
