1684 2593
210 115 234 148 8
626 124 660 151 r.
693 124 859 151 mamm
887 125 1064 154 MARONIS

209 210 472 256 Ardentesque
490 212 622 249 oculos
641 213 792 249 suffecti
810 217 999 259 sanguine
1016 219 1053 250 et
1071 216 1165 262 igni,

210 273 330 309 Sibila
346 274 569 310 lambebant
590 275 735 319 linguis
754 276 1002 313 vibrantibus
1020 289 1099 314 ora.

209 334 444 379 Diffugimus
461 337 551 371 visu
569 348 798 381 exsangues.
854 337 919 373 Illi
936 340 1091 382 agmine
1108 343 1213 375 certo

208 395 433 431 Laocoonta
449 401 586 441 petunt
602 410 609 433 t
639 403 676 433 et
696 400 865 442 primum
882 412 1006 444 parva
1023 398 1188 435 duorum

209 455 379 500 Corpora
397 462 580 493 natorum
599 471 753 503 serpens
774 461 974 504 amplexus
991 465 1150 505 uterque

208 517 398 564 Implicat7
422 523 460 554 et
478 521 639 556 miseros
657 533 790 557 morsu
809 521 1029 566 depascitur
1047 528 1167 558 artus.

208 579 303 615 Post
321 581 450 624 ipsum
469 581 615 616 auxilio
634 582 861 619 subeuntem
880 595 924 619 ac
942 584 1019 618 tela
1039 584 1222 619 ferentem

209 641 442 687 Corripiunt‚
463 644 651 687 spirisque
667 643 794 687 ligant
812 644 1058 688 ingentibus:
1087 649 1125 680 et
1142 645 1223 689 jam

208 702 276 737 Bis
293 702 463 738 medium
482 704 660 749 amplexi,
682 704 742 741 bis
760 705 858 741 collo
877 718 1060 750 squamea
1077 707 1223 741 circum

207 763 329 807 Terga
349 763 444 808 dati,
468 770 651 809 superant
671 769 796 810 capite
813 771 851 802 et
869 766 1083 802 cervicibus
1103 767 1205 803 altis.

208 824 278 861 Ille
295 825 411 860 simul
428 826 609 862 manibus
629 826 754 862 tendit
773 826 952 863 divellere
970 827 1103 871 nodos,

208 886 394 923 Perfusus
413 890 522 923 sanie
539 890 662 924 vittas
681 892 840 933 atroque
857 901 1005 925 veneno
1021 902 1029 936 3

208 948 405 984 Clamores
423 949 539 984 simul
558 949 769 986 horrendos
789 950 838 986 ad
857 950 983 986 sidera
1000 951 1127 987 tollit:

209 1008 350 1052 Quales
368 1012 554 1055 mugitus,
579 1011 681 1055 fugit
701 1024 789 1046 cum
808 1014 964 1048 saucius
983 1025 1094 1048 aram

207 1071 368 1115 Taurus⁷
392 1075 430 1106 et
448 1073 637 1107 incertam
654 1075 824 1108 excussit
844 1075 990 1108 cervice
1009 1075 1184 1110 securim.

207 1132 262 1166 At
280 1133 425 1175 gemini
441 1132 553 1176 lapsu
573 1133 732 1168 delubra
751 1133 800 1168 ad
820 1147 973 1169 summa
992 1134 1177 1170 dracones

207 1190 422 1236 Effugiunt7
447 1203 658 1235 saevaeque
676 1197 813 1235 petunt
830 1193 1044 1228 Tritonidis
1064 1205 1213 1239 arcem3

209 1251 286 1286 Sub
303 1251 537 1296 pedibusque
555 1253 655 1287 Deae
673 1253 856 1297 clipeique
875 1253 946 1289 sub
966 1253 1054 1289 orbe
1072 1258 1268 1298 teguntur.

207 1312 305 1347 Tum
322 1324 414 1348 vero
431 1314 659 1348 tremefacta
677 1326 803 1350 novus
819 1307 886 1358 per
904 1320 1059 1359 pectora
1078 1317 1228 1351 cunctis

208 1373 389 1408 Insinuat
407 1386 552 1420 pavor;
581 1380 619 1410 et
638 1375 762 1411 scelus
779 1376 1004 1420 expendisse
1022 1381 1230 1411 merentem

208 1433 432 1468 Laocoonta
450 1434 589 1479 ferunt,
615 1446 769 1470 sacrum
788 1437 853 1479 qui
872 1436 1028 1479 cuspide
1045 1436 1162 1470 robur

209 1495 392 1537 Laeserit,
415 1499 454 1530 et
471 1499 580 1539 tergo
600 1496 827 1531 sceleratam
844 1498 1043 1532 intorserit
1062 1497 1231 1533 hastam.

209 1555 435 1591 Ducendum
454 1555 504 1592 ad
522 1557 628 1593 sedes
648 1557 911 1603 simulacrum,
936 1558 1157 1602 orandaque
1176 1559 1298 1594 Divae

211 1618 382 1653 Numina
399 1617 658 1655 conclamant.

258 1677 479 1714 Dividimus
496 1691 637 1724 muros7
662 1685 699 1715 et
718 1682 871 1715 moenia
888 1680 1096 1724 pandimus
1115 1680 1233 1717 urbis.
1281 1674 1298 1687 '⁹

210 1740 432 1783 Accingunt
451 1752 583 1783 omnes
601 1743 704 1784 operi
721 1754 728 1787 ;
757 1741 989 1786 pedibusque
1008 1746 1182 1777 rotarum

201 1800 430 1843 'Subjiciunt
446 1799 590 1846 lapsus⁷
613 1805 652 1836 et
671 1806 833 1845 stuppea
850 1802 1008 1837 vincula
1027 1802 1126 1837 collo

210 1860 433 1896 Intendunt.
492 1861 654 1897 Scandit
671 1862 807 1898 fatalis
824 1863 1008 1898 machina
1025 1875 1168 1908 muros,

210 1922 306 1957 Feta
324 1924 456 1958 armis.
511 1922 629 1958 Pueri
645 1925 792 1958 circum
809 1925 1069 1968 innuptaeque
1086 1925 1234 1969 puellae

212 1984 330 2018 Sacra
348 1988 505 2029 canunt,
530 1984 736 2028 funemque
752 1997 872 2019 manu
890 1987 1113 2029 contingere
1130 1985 1311 2029 gaudent.

211 2045 285 2080 Hla
305 2044 418 2089 subit,
443 2044 662 2089 mediaeque
679 2048 835 2082 minans
854 2046 1029 2081 illabitur
1045 2046 1142 2082 urbi.

263 2104 294 2140 O
312 2107 451 2150 patria,
476 2117 498 2140 o
517 2105 662 2142 Divum
680 2106 817 2142 domus
835 2107 962 2151 Ilium,
987 2111 1024 2142 et
1043 2108 1191 2142 incluta
1208 2107 1307 2143 bello

1405 217 1478 253 210

1404 524 1426 558 10

1432 525 1448 557 μ-ιι

1455 523 1477 556 31

1403 830 1425 864 10

1429 829 1476 864 [g

1404 1136 1426 1170 Ν.)

1430 1137 1451 1170 10

1456 1135 1478 1169 &¹

1406 1437 1478 1472 230

1406 1743 1478 1778 235

1407 2047 1480 2082 240
