1684 2593
570 156 770 182 AENEIDOS
795 156 870 182 LIB.
903 156 945 184 ΙΙ.

86 231 91 246 ¹¹
134 245 284 285 Moenia
301 244 568 281 Dardanidum
583 245 591 280 !
620 249 755 289 quater
773 246 856 288 ipso
874 246 914 279 in
932 244 1064 280 limine
1080 251 1214 289 portae

131 307 325 351 Substitit,
350 312 464 351 atque
479 312 589 341 utero
607 308 780 342 sonitum
797 313 932 350 quater
951 319 1060 341 arma
1078 306 1220 341 dedere.

130 367 331 413 Instamus
348 372 480 402 tamen
497 368 738 402 immemores
755 369 931 411 caecique
948 367 1089 410 furore,

130 428 184 464 Et-
201 433 421 464 monstrum
438 428 576 463 infelix
592 432 749 463 sacrata
766 429 942 473 sistimus
961 440 1057 463 arce.

178 489 288 524 Tunc
304 491 424 525 etiam
442 490 537 525 fatis
555 491 678 533 aperit
696 488 920 525 Cassandra
938 489 1082 524 futuris

132 550 220 596 Ora,
245 551 314 586 Dei
331 550 443 594 jussu
459 562 539 585 non
556 561 729 594 unquam
746 548 893 585 credita
908 549 1075 586 Teucris.

131 612 212 646 Nos
229 611 387 647 delubra
406 612 529 646 Deum
545 613 687 655 miseri,
711 610 851 655 quibus
869 610 1031 645 ultimus
1048 617 1147 646 esset

130 671 202 707 Ille
218 671 309 717 dies,
333 672 433 707 festa
452 672 627 707 velamus
645 671 781 706 fronde
798 683 864 715 per
881 671 1026 707 urbem.

180 733 355 769 Vertitur
371 735 518 768 interea
535 732 694 777 caelum,
718 738 757 768 et
775 721 855 768 ruit
874 732 1026 768 Oceano
1044 736 1132 777 nox,

130 794 339 830 Involvens
355 794 494 829 umbra
511 802 657 837 inagna
674 802 892 838 terramque
908 794 1112 838 polumque

130 856 492 900 Myrmidonumque
510 855 618 891 dolos
633 868 641 891 :
671 856 751 891 fusi
768 868 834 900 per
851 858 1003 891 moenia
1020 857 1156 891 Teucri

131 917 379 954 Conticuere:
408 929 522 961 sopor
540 918 663 953 fessos
681 917 948 961 complectitur
967 908 1086 954 artus.

180 979 233 1014 Et
250 978 331 1023 jam
347 980 498 1022 Argiva
515 979 690 1023 phalanx
707 981 910 1014 instructis
929 979 1095 1014 navibus
1115 979 1194 1013 ibat

130 1040 168 1075 A
183 1032 347 1084 Tenedo,
368 1042 512 1075 tacitae
527 1051 594 1084 per
613 1041 738 1074 amica
757 1040 911 1075 silentia
929 1040 1053 1084 lunae,

131 1102 267 1137 Litora
283 1106 378 1137 nota
394 1107 526 1145 petens
541 1113 549 1136 :
578 1099 758 1136 flammas
776 1113 865 1136 cum
882 1103 988 1145 regia
1006 1104 1143 1145 puppis

131 1162 348 1207 Extulerat,
372 1162 540 1206 fatisque
557 1161 681 1197 Deum
699 1161 878 1198 defensus
897 1164 1050 1207 iniquis,

131 1223 307 1259 Inclusos
324 1229 434 1258 utero
451 1223 609 1259 Danaos
625 1228 664 1258 et
682 1225 794 1267 pinea
813 1223 950 1258 furtim

131 1284 260 1319 Laxat
278 1284 448 1319 claustra
468 1284 598 1320 Sinon.
654 1283 749 1319 IHos
767 1285 986 1328 patefactus
1004 1284 1054 1320 ad
1073 1298 1189 1320 auras

131 1345 276 1380 Reddit
293 1357 422 1390 equus,
446 1345 612 1390 laetique
629 1357 727 1380 cavo
745 1357 785 1381 se
802 1345 936 1380 robore
953 1352 1134 1389 promunt

132 1406 402 1442 Thessandrus
420 1407 696 1451 Sthenelusque
713 1406 841 1450 duces,
862 1411 899 1442 et
918 1406 1027 1442 dirus
1045 1407 1191 1451 Ulixes,

134 1468 354 1504 Demissum
369 1467 471 1512 lapsi
489 1480 553 1512 per
572 1469 713 1512 funem,
737 1469 990 1513 Acamasque,
1013 1467 1225 1512 Thoasque,

133 1528 356 1574 Pelidesque
372 1529 654 1573 Neoptolemus,
679 1531 900 1573 primusque
917 1529 1121 1574 Machaon,

134 1591 187 1626 Et
204 1591 411 1635 Menelaus,
434 1597 472 1626 et
490 1592 570 1634 ipse
587 1590 667 1625 doli
684 1590 896 1625 fabricator
915 1591 1050 1634 Epeos.

133 1651 334 1686 Invadunt
350 1650 485 1685 urbem
502 1662 638 1686 somno
655 1652 822 1695 vinoque
839 1651 1031 1694 sepultam
1046 1663 1053 1696 ;

134 1712 358 1749 Caeduntur
374 1712 523 1757 vigiles,
546 1714 742 1757 portisque
759 1712 982 1756 patentibus
1000 1724 1132 1748 omnes

133 1775 342 1818 Accipiunt
359 1775 494 1818 socios,
519 1778 633 1818 atque
651 1776 809 1817 agmina
827 1762 981 1809 conscia
1000 1773 1179 1817 jungunt..

128 1839 146 1851 ”
181 1835 348 1879 Tempus
363 1840 458 1879 erat,
482 1846 557 1878 quo
576 1837 703 1879 prima
720 1837 826 1879 quies
843 1834 1073 1870 mortalibus
1092 1837 1218 1878 aegris

134 1895 287 1940 Incipit,
310 1899 349 1930 et
366 1893 467 1929 dono
484 1895 629 1930 Divum
645 1897 872 1942 gratissima
890 1897 1041 1938 serpit..

134 1955 184 1991 In
200 1957 360 1999 somnis,
381 1967 474 1999 ecce,
500 1960 591 1990 ante
607 1955 738 1991 oculos
755 1957 1038 1991 maestissimus
1055 1955 1201 1990 Hector

135 2014 253 2050 Visus
271 2013 404 2049 adesse
421 2013 529 2059 mihi,
552 2013 758 2058 largosque
773 2014 967 2050 effundere
982 2013 1097 2049 fletus
1112 2027 1120 2060 ;

134 2074 333 2119 Raptatus
350 2074 461 2118 bigis,
484 2080 529 2109 ut
547 2074 752 2119 quondam,
777 2080 932 2119 aterque
950 2082 1108 2110 cruento

134 2135 308 2181 Pulvere,
329 2147 468 2180 perque
484 2134 596 2180 pedes
613 2135 800 2179 trajectus
817 2136 900 2172 lora
918 2140 1121 2172 tumentes.

1324 428 1396 463 245

1325 1652 1398 1687 265
