1684 2593
214 147 261 183 22
626 157 661 184 Ρ.
694 158 858 184 venena
886 155 1063 183 MARoms

214 245 414 289 Sperasti?
441 250 671 289 tantumque
690 245 800 280 nefas
820 247 945 289 patrio
963 244 1107 280 excidit
1125 256 1189 280 ore
1201 244 1220 280 ἲ)

214 306 253 341 Si
272 307 371 341 nihil
384 319 431 342 ex
449 312 564 342 tanta
583 308 738 351 Superis
757 307 881 351 placet
899 307 992 342 urbe
1009 306 1186 351 relinqui,

213 368 265 403 Et
283 368 388 404 sedet
406 368 480 403 hoc
498 371 639 412 animo,
663 370 927 412 perituraeque
945 368 1082 403 addere
1098 368 1237 412 Trojae

212 430 336 470 Teque
354 435 516 474 tuosque
533 430 656 474 juvat,
682 435 789 473 patet
807 431 875 465 isti
893 429 1013 473 janua
1031 430 1108 465 leto
1124 442 1132 476 ;

213 490 379 535 Jamque
397 491 521 526 aderit
539 492 663 526 multo
681 492 830 526 Priami
849 490 891 526 de
913 493 1101 534 sanguine
1118 491 1307 535 Pyrrhus,

212 551 358 586 Natum
378 557 468 587 ante
486 564 554 587 ora
572 554 706 597 patris,
730 558 880 596 patrem
898 553 963 596 qui
981 552 1187 586 obtruncat
1206 551 1255 586 ad
1274 563 1373 586 aras,

212 611 298 647 Hoc
314 618 408 657 erat,
434 613 538 647 alma
556 625 705 656 parens,
730 611 831 656 quod
848 624 909 647 me
926 624 991 656 per
1009 612 1097 657 tela,
1121 624 1186 656 per
1206 613 1323 655 ignes,

212 673 341 718 Eripis
356 675 373 709 ἶ)
399 679 443 709 ut
462 674 599 709 mediis
617 674 769 709 hostem
787 676 827 708 in
846 674 1114 718 penetralibus,
1140 679 1257 717 utque

212 736 508 779 Ascaniumque,
532 741 755 780 patremque
772 748 910 780 meum,
934 736 1119 779 juxtaque
1137 735 1331 778 Creusam,

212 795 390 831 Alterum
407 797 449 830 in
467 796 628 831 alterius
645 801 839 831 mactatos
858 798 1047 839 sanguine
1065 808 1219 830 cernam
1234 795 1250 830 ἱ)

212 858 346 901 Arma,
368 859 456 901 viri,
479 858 574 892 ferte
593 870 701 892 arma
718 870 725 892 :
755 863 869 892 vocat
888 857 955 891 lux
973 857 1113 891 ultima
1132 859 1265 892 victos.

212 918 377 954 Reddite
394 931 454 954 me
472 919 620 954 Danais
635 931 643 965 3
673 920 789 954 sinite
807 920 1028 953 instaurata
1046 919 1215 953 revisam

212 979 374 1014 Proelia.
432 980 643 1023 Nunquam
661 991 793 1014 omnes
811 979 926 1014 hodie
942 981 1151 1013 moriemur
1169 978 1312 1013 inulti)

262 1039 366 1074 Hinc
384 1040 486 1074 ferro
505 1042 687 1083 accingor
704 1052 851 1084 rursus,
876 1040 1069 1083 clipeoque
1086 1041 1287 1075 sinistram

212 1099 456 1134 Insertabam
475 1107 626 1144 aptans,
650 1111 784 1143 meque
800 1105 912 1134 extra
930 1104 1032 1134 tecta
1051 1098 1228 1133 ferebam.

212 1160 312 1195 Ecce
330 1165 460 1195 autem
478 1161 677 1203 complexa
695 1160 809 1204 pedes
827 1162 868 1194 in
886 1160 1019 1194 limine
1037 1159 1207 1202 conjunx

212 1220 418 1265 Haerebat,
443 1233 682 1265 parvumque
699 1223 802 1264 patri
820 1220 1000 1255 tendebat
1022 1220 1150 1255 Iulum
1169 1233 1176 1255 ε

219 1283 280 1317 ‘Si
298 1284 492 1326 periturus
511 1282 605 1326 abis,
629 1290 667 1316 et
685 1293 756 1316 nos
774 1294 866 1325 rape
884 1283 924 1315 in
943 1283 1074 1316 omnia
1093 1287 1219 1316 tecum
1237 1293 1245 1316 z

214 1344 282 1379 Sin
300 1343 471 1387 aliquam
487 1350 668 1387 expertus
686 1345 853 1387 sumptis
871 1355 975 1387 spem
995 1345 1106 1386 ponis
1125 1345 1166 1378 in
1185 1344 1314 1387 armis,

213 1404 328 1439 Hanc
345 1407 513 1448 primum
531 1410 661 1440 tutare
677 1404 844 1439 domum.
902 1404 975 1440 Cui
992 1416 1137 1448 parvus
1155 1403 1274 1447 Iulus,

213 1466 284 1503 Cui
304 1471 422 1511 pater,
446 1470 484 1501 et
503 1466 674 1509 conjunx
692 1465 887 1510 quondam
910 1470 980 1500 tua
999 1465 1103 1500 dicta
1120 1465 1342 1509 relinquor?
1355 1465 1363 1481 '

261 1529 372 1564 Talia
390 1530 610 1565 vociferans
627 1531 774 1572 gemitu
792 1533 937 1564 tectum
956 1540 1067 1563 omne
1083 1528 1250 1572 replebat
1269 1540 1277 1573 3

214 1589 311 1626 Cum
331 1590 503 1625 subitum
522 1589 702 1633 dictuque
719 1592 843 1624 oritur
861 1590 1037 1624 mirabile
1053 1595 1282 1624 monstrum.

214 1653 388 1695 Namque
405 1664 546 1687 manus
564 1653 664 1686 inter
682 1656 991 1694 maestorumque
1010 1663 1076 1685 ora
1096 1655 1308 1693 parentum,

215 1713 314 1747 Ecce
330 1712 427 1747 levis
446 1724 598 1747 summo
616 1711 662 1746 de
678 1713 821 1746 vertice
838 1713 947 1746 visus
966 1711 1043 1745 1uli

195 1796 199 1799 -
215 1772 391 1808 Fundere
406 1772 537 1807 lumen
555 1784 662 1817 apex,
686 1777 870 1816 tactuque
886 1774 1046 1806 innoxia
1064 1771 1198 1807 molles

215 1834 402 1869 Lambere
417 1833 578 1869 flamma
595 1845 737 1878 comas,
761 1838 800 1869 et
817 1835 964 1868 circum
980 1837 1154 1876 tempora
1172 1834 1289 1876 pasci.

215 1897 297 1931 Nos
314 1895 448 1940 pavidi
464 1894 656 1939 trepidare
671 1900 787 1940 metu,
811 1897 1028 1938 crinemque
1051 1893 1282 1937 flagrantem

217 1958 417 2002 Excutere,
440 1961 480 1992 et
497 1962 655 1993 sanctos
672 1959 911 2000 restinguere
928 1950 1102 1991 fontibus
1120 1957 1240 1999 ignes.

218 2019 271 2054 At
289 2023 398 2062 pater
415 2018 606 2054 Anchises
625 2018 756 2054 oculos
774 2017 825 2053 ad
843 2018 969 2053 sidera
987 2017 1112 2052 laetus

218 2080 384 2123 Extulit,
405 2085 443 2115 et
461 2080 566 2115 caelo
584 2081 735 2124 palmas
753 2091 841 2114 cum
859 2091 952 2114 voce
968 2078 1132 2114 tetendit
1149 2090 1156 2113 :

274 2140 474 2184 ‘Juppiter
492 2143 747 2185 omnipotens,
769 2139 944 2184 precibus
963 2141 997 2175 si
1014 2138 1178 2174 flecteris
1197 2137 1298 2186 υῌίε,

1406 368 1479 403 660

1407 673 1479 707 665

1407 978 1427 1011 6
1433 978 1478 1012 70

1408 1588 1480 1622 680

1408 1891 1482 1926 685
