1684 2593
575 178 775 205 Assxnmos
799 179 876 206 LIB.
908 179 950 206 11.
1350 171 1397 208 23

138 266 277 311 Aspice
294 278 365 302 nos
382 295 390 302 .
420 266 493 301 hoc
511 272 667 301 tantum
684 279 691 301 :
721 274 768 311 et,
794 269 827 302 si
844 269 986 311 pietate
1003 280 1201 307 meremur,
1242 254 1252 265 ⁴
1326 269 1398 304 690

137 328 197 363 Da
214 327 349 363 deinde
367 328 558 363 auxilium
574 332 692 372 pater,
717 335 832 372 atque
848 328 942 363 haec
962 331 1091 363 omina
1110 329 1248 364 firma.'

138 389 215 424 Vix
231 401 277 425 ea
294 389 402 425 fatus
418 394 502 425 erat
519 391 656 434 senior,
680 389 882 434 subitoque
900 390 1052 433 fragore

137 450 315 486 Intonuit
331 449 496 495 laevum,
519 454 557 485 et
575 449 621 486 de
638 450 742 486 caelo
760 450 870 495 lapsa
887 463 953 495 per
970 451 1128 487 umbras

137 511 398 549 Stella'facem
415 510 558 547 ducens
575 512 699 547 multa
717 523 806 547 cum
823 512 906 548 luce
924 515 1104 548 cucurrit.

136 572 262 618 Illam,
285 585 438 609 summa
455 585 568 616 super
585 572 778 608 labentem
796 573 965 608 culmina
983 576 1085 618 tecti,
1326 576 1398 610 695

137 634 340 670 Cernimus
357 634 473 669 Idaea
491 635 638 669 claram
656 646 696 670 se
713 634 875 670 condere
891 635 1003 680 silva,

137 695 436 739 signantemque
452 697 539 730 vias
554 707 562 741 ;
591 705 676 730 tum
693 695 810 739 longo
826 695 949 731 limite
966 696 1096 732 sulcus

137 756 215 790 Dat
231 755 364 797 lucem,
388 764 425 789 et
443 755 522 790 late
540 757 685 790 circum
701 755 785 790 loca
805 756 952 791 sulfure
971 756 1134 791 fumant.

136 816 213 850 Hic
230 828 321 851 vero
339 818 467 851 victus
486 818 635 859 genitor
654 828 694 851 se
711 816 813 851 tollit
834 816 883 851 ad
902 829 1028 860 auras,

136 877 365 921 Affaturque
382 876 482 921 deos,
505 884 543 912 et
562 885 742 912 sanctum
761 877 868 913 sidus
888 877 1035 914 adorat.
1328 880 1397 913 700

143 939 190 975 ‘J
193 951 257 974 am
274 939 355 983 jam
372 939 481 974 nulla
499 951 607 974 mora
625 947 683 975 est-
701 951 708 974 :
739 951 884 984 sequor,
909 948 956 984 et,
977 952 1051 984 qua
1071 940 1222 984 ducitis,
1244 941 1392 976 adsum.

136 1001 187 1036 Di
203 1002 330 1045 patrii,
355 1009 506 1036 servate
524 1000 691 1046 domum,
716 1007 869 1036 servate
886 1009 1072 1045 nepotem.

157 1062 320 1098 'estrum
336 1062 409 1097 hoc
427 1064 644 1107 augurium,
668 1067 872 1107 vestroque
889 1065 930 1098 in
948 1066 1106 1098 numine
1123 1064 1237 1107 Troja
1257 1074 1325 1100 est.

137 1124 238 1162 Cedo
255 1124 439 1169 equidem,
464 1137 542 1169 nec,
566 1132 666 1168 nate,
690 1124 764 1160 tibi
781 1137 907 1161 comes
925 1127 980 1161 ire
997 1128 1157 1161 recus0.⁷

185 1186 345 1222 Dixerat,
362 1186 426 1221 ille
443 1199 450 1232 ;
479 1192 517 1221 et
535 1186 615 1230 jam
633 1198 698 1230 per
715 1189 867 1222 moenia
885 1187 1025 1222 clarior
1043 1189 1146 1230 ignis
1329 1189 1398 1223 705

137 1248 316 1290 Auditur,
339 1250 569 1292 propiusque
587 1254 718 1284 aestus
736 1248 913 1283 incendia
931 1249 1107 1285 volvunt.

143 1309 270 1353 ‘Ergo
289 1321 371 1353 age,
393 1321 480 1344 care
496 1314 615 1353 pater,
641 1311 779 1344 cervici
798 1312 990 1353 imponere
1007 1319 1162 1346 nostrae
1180 1324 1187 1355 ς

138 1371 225 1414 Ipse
242 1370 377 1406 subibo
394 1372 548 1414 umeris,
571 1382 641 1405 nec
658 1382 719 1405 me
736 1370 846 1405 labor
864 1373 938 1406 iste
956 1371 1148 1414 gravabit.

138 1431 223 1475 Quo
239 1444 300 1467 res
318 1443 478 1475 cumque
495 1430 643 1474 cadent,
666 1443 790 1466 unum
806 1437 843 1466 et
863 1443 1063 1466 commune
1081 1433 1275 1475 periclum.

139 1492 230 1528 Una
247 1492 354 1528 salus
372 1491 558 1527 ambobus
575 1493 658 1527 erit.
716 1492 816 1526 Mihi
833 1504 977 1536 parvus
995 1493 1104 1528 Iulus
1327 1495 1398 1529 710

139 1553 198 1589 Sit
215 1564 350 1596 comes,
373 1557 412 1588 et
429 1552 543 1596 longe
560 1556 686 1588 servet
704 1555 872 1597 vestigia
889 1553 1069 1597 conjunx.

139 1613 230 1658 Vos,
252 1614 400 1657 famuli,
423 1626 520 1658 quae
537 1613 675 1658 dicam,
699 1616 841 1650 animis
859 1614 1048 1650 advertite
1065 1618 1217 1651 vestris.

140 1675 212 1711 Est
228 1675 322 1711 urbe
337 1677 502 1719 egressis
518 1675 703 1720 tumulus,
727 1675 985 1720 templumque
1002 1684 1201 1712 vetustum

140 1737 318 1773 Desertae
336 1737 493 1781 Cereris,
517 1735 702 1781 juxtaque
720 1739 881 1781 antiqua
898 1749 1110 1781 cupressus,

140 1797 341 1841 Religione
356 1801 514 1841 patrum
529 1797 674 1833 multos
692 1804 849 1832 servata
867 1810 933 1841 per
952 1810 1085 1834 annos.

140 1858 254 1894 Hanc
269 1870 317 1894 ex
334 1858 487 1895 diverso
504 1858 632 1894 sedem
648 1861 846 1894 veniemus
865 1861 906 1893 in
923 1871 1052 1894 unam.

140 1920 208 1965 Tu,
231 1921 392 1965 genitor,
416 1931 509 1964 cape
526 1932 638 1955 sacra
655 1932 787 1963 manu,
809 1922 1029 1964 patriosque
1046 1920 1222 1957 Penates.

140 1979 212 2025 Me,
234 1979 333 2015 bello
349 1991 370 2015 e
386 1984 500 2015 tanto
518 1979 734 2023 digressum
750 1984 788 2015 et
807 1979 920 2015 caede
936 1983 1090 2025 recenti,

140 2041 360 2076 Attrectare
375 2041 496 2084 nefas,
521 2039 641 2075 donec
658 2052 719 2075 me
734 2039 893 2075 flumine
910 2043 1003 2076 vivo

141 2101 336 2137 Abluero.'
1327 2103 1399 2139 720

191 2162 297 2197 Haec
315 2163 432 2206 fatus,
456 2163 557 2198 latos
575 2174 726 2198 umeros
745 2163 989 2207 subjectaque
1007 2164 1106 2200 colla
