1684 2593
602 160 803 190 AENEIDOS
827 161 904 188 LIB.
936 160 978 189 11.

164 253 304 289 Omina
321 253 363 287 ni
378 255 555 296 repetant
572 251 703 295 Argis,
726 236 941 294 numenque
958 249 1156 293 reducant,

164 313 275 357 Quod
292 313 427 357 pelago
444 317 482 348 et
501 314 632 348 curvis
649 323 779 347 secum
797 323 957 346 avexere
975 312 1130 345 carinis.

163 375 216 410 Et
233 386 346 419 nune,
369 372 471 418 quod
488 374 638 418 patrias
655 377 772 407 vento
789 374 929 416 petiere
945 371 1143 414 Mycenas,

163 436 285 471 Arma
302 435 474 479 Deosque
490 437 632 479 parant
649 435 818 477 comites,
842 432 1050 476 pelagoque
1067 442 1239 466 remenso

164 496 371 540 Improvisi
391 494 576 530 aderunt:
606 495 663 529 ita
681 492 822 537 digerit
840 494 971 528 omina
989 491 1168 528 Calchas.

164 556 279 592 Hanc
295 568 366 601 pro
382 555 561 591 Palladio
578 556 727 598 moniti,
752 566 821 598 pro
838 555 997 589 numine
1013 553 1128 597 laeso,

164 617 342 661 Effigiem
359 622 541 661 statuere,
563 617 674 652 nefas
691 628 788 660 quae
805 617 919 651 triste
935 616 1068 659 piaret.

164 678 279 714 Hanc
294 683 427 714 tamen
443 680 673 713 immensam
690 677 857 713 Calchas
876 675 1051 712 attollere
1068 675 1206 710 molem

164 739 384 776 Roboribus
400 741 529 784 textis,
553 738 731 783 caeloque
747 737 905 774 educere
922 737 1047 782 jussit,

165 802 223 837 Ne
237 803 356 845 recipi
372 803 496 846 portis
513 805 583 836 aut
601 799 690 835 duci
708 802 749 834 in
765 801 918 835 moenia
935 804 1075 843 posset,

166 862 249 896 Neu
265 861 451 906 populum
468 862 631 905 antiqua
649 859 720 896 sub
737 860 922 903 religione
939 861 1049 897 tueri.

165 922 320 964 Namsi
337 931 468 958 vestra
485 934 626 957 manus
643 920 827 957 violasset
847 920 948 955 dona
966 920 1172 963 Minervae,

165 983 264 1018 Tum
281 995 470 1026 magnum
485 981 800 1026 exitium—quod
819 982 868 1016 Di
886 983 992 1025 prius
1011 992 1121 1015 omen
1139 982 1180 1014 in
1198 982 1324 1023 ipsum

167 1044 406 1079 Convertant
422 1043 633 1079 !—Priami
649 1044 808 1086 imperio
826 1041 1122 1085 Phrygibusque
1141 1041 1315 1074 futurum
1331 1052 1337 1074 :

167 1105 236 1141 Sin
253 1104 434 1140 manibus
451 1106 594 1140 vestris
611 1108 785 1140 vestram
803 1102 1038 1138 ascendisset
1058 1103 1099 1136 in
1117 1101 1260 1145 urbem,

167 1167 284 1203 Ultro
300 1167 439 1202 Asiam
456 1177 600 1210 magno
617 1165 781 1209 Pelopea
801 1164 851 1200 ad
869 1166 1020 1200 moenia
1038 1163 1137 1197 bello

168 1227 393 1272 Venturam,
415 1231 454 1262 et
471 1230 627 1262 nostros
644 1237 690 1262 ea
707 1226 793 1260 fata
811 1237 966 1260 manere
983 1225 1166 1268 nepotesy

215 1287 376 1323 Talibus
393 1286 548 1324 insidiis
565 1286 783 1332 perjurique
803 1293 886 1321 arte
904 1286 1059 1321 Sinonis

169 1348 326 1384 Credita
344 1360 404 1384 res
420 1361 428 1394 ;
457 1350 635 1392 captique
652 1346 752 1383 dolis
770 1347 1016 1390 lacrimisque
1034 1347 1189 1388 coactis,

170 1409 275 1453 Quos
294 1422 414 1454 neque
429 1408 608 1454 Tydides,
632 1420 702 1444 nec
719 1409 948 1443 Larissaeus
966 1406 1147 1449 Achilles,

169 1471 258 1506 Non
276 1473 370 1505 anni
388 1469 568 1506 domuere
584 1468 723 1514 decem,
747 1481 826 1504 non
844 1468 950 1503 mille
968 1469 1133 1502 carinae.

219 1532 296 1567 Hic
314 1531 422 1567 aliud
438 1531 569 1576 majus
585 1532 738 1567 mjseris
755 1530 952 1574 multoque
968 1528 1210 1564 tremendum

172 1594 363 1638 Objicitur
379 1595 517 1639 magis,
542 1598 657 1638 atque
673 1592 892 1637 improvida
909 1596 1063 1636 pectora
1081 1589 1225 1625 turbat.

171 1655 361 1700 Laocoon,
385 1654 526 1691 ductus
543 1655 724 1699 Neptuno
742 1658 845 1690 sorte
862 1651 1051 1696 sacerdos,

172 1716 383 1752 Sollemnes
398 1720 559 1752 taurum
574 1717 773 1760 ingentem
789 1713 990 1761 mactabat
1008 1712 1058 1748 ad
1077 1724 1177 1747 aras.

172 1777 272 1812 Ecce
288 1780 421 1812 autem
437 1777 583 1820 gemini
599 1788 625 1812 a
638 1775 791 1811 Tenedo
807 1773 1021 1818 tranquilla
1038 1784 1104 1817 per
1122 1772 1203 1807 alta

171 1834 382 1883 (Horresco
397 1834 581 1882 referens)
599 1835 800 1869 immensis
818 1831 975 1867 orbibus
992 1843 1138 1875 angues

172 1894 410 1930 Incumbunt
425 1894 573 1940 pelago,
595 1896 814 1940 pariterque
831 1888 1016 1928 ad'litora
1032 1891 1195 1927 tendunt
1212 1903 1219 1925 ε

173 1955 337 1991 Pectora
354 1967 519 2001 quorum
534 1956 636 1990 inter
652 1953 797 1990 fluetus
815 1958 978 1997 arrecta,
1000 1952 1185 1997 jubaeque

175 2018 417 2061 sanguineae
434 2020 620 2060 superant
635 2015 786 2061 undas;
814 2027 907 2060 pars
925 2019 1049 2050 cetera
1067 2021 1230 2057 pontum

173 2078 282 2115 Pone
295 2077 401 2123 legit,
425 2079 632 2122 sinuatque
647 2079 837 2112 immensa
853 2076 1049 2111 volumine
1067 2080 1187 2118 terga.

174 2138 242 2174 Fit
259 2140 412 2175 sonitus
430 2142 636 2183 spumante
654 2137 747 2173 salo.
805 2136 971 2180 Jamque
988 2147 1084 2170 arva
1102 2134 1294 2177 tenebant,

1356 368 1427 402 180

1359 670 1431 708 185

1363 977 1431 1012 190

1344 1282 1434 1317 -195

1369 1889 1438 1924 205
