1684 2593
891 27 914 37 l

254 138 300 174 10
670 148 704 176 P.
737 133 902 176 VERGILI
930 149 1106 177 MARoxxs

251 237 326 274 Hei
343 238 452 283 mihi,
477 239 603 282 qualis
621 243 705 274 erat
722 239 729 274 !
759 243 950 283 quantum
968 243 1145 275 mutatus
1164 239 1213 274 ab
1231 239 1298 275 illo

251 299 427 342 Hectore,
452 302 516 344 qui
534 299 632 335 redit
650 301 813 335 exuvias
832 299 993 335 indutus
1012 300 1170 345 Achilli,

252 358 322 395 Vel
340 360 521 394 Danaum
539 360 736 403 Phrygios
754 360 950 404 jaculatus
968 360 1159 404 puppibus
1178 363 1286 404 ignes
1303 362 1310 396 !

252 420 498 465 Squalentem
515 420 688 465 barbam,
711 425 750 456 e‘c
767 425 967 456 concretos
985 424 1176 465 sanguine
1193 424 1328 466 crines⁷

252 483 495 527 Vulneraque
513 483 581 517 illa
599 495 746 528 gerens,
770 495 868 528 quae
885 485 1032 518 circum
1050 483 1218 528 plurima
1236 494 1368 519 muros

253 545 410 589 Accepit,
428 547 587 590 patrios.
646 544 763 581 Ultro
780 544 879 581 flens
897 546 979 590 ipse
995 545 1156 581 videbar

252 606 491 650 Compellare
507 609 648 651 virum,
673 611 711 641 et
730 613 901 642 maestas
919 619 1140 651 expromere
1158 619 1270 642 voces
1287 620 1293 641 :

258 671 264 686 ‘
279 667 309 702 O
328 667 398 702 lux
415 667 637 702 Dardaniae
653 667 661 702 !
690 680 777 711 spes
796 679 818 702 o
836 667 1029 703 fidissima
1045 668 1235 703 Teucrum
1254 669 1260 702 ἶ

252 728 359 771 Quae
376 732 512 764 tantae
528 733 684 764 tenuere
700 741 830 764 morae
842 729 859 764 ἱ)
886 729 1026 774 quibus
1044 728 1191 764 Hector
1210 728 1259 764 ab
1277 730 1356 764 oris

250 788 486 834 Exspectate
503 791 642 826 venis?
669 795 713 825 ut
732 795 769 826 te
788 796 875 835 post
894 791 1019 828 multa
1037 797 1193 828 tuorum

254 850 417 896 Funera,
440 856 529 895 post
547 854 679 887 varios
696 851 974 897 hominumque
990 854 1173 898 urbisque
1188 854 1349 899 labores,

253 912 402 948 Defessi
420 913 659 956 aspicimus?
687 926 784 957 quae
802 926 921 949 causa
938 915 1102 958 indigna
1121 928 1273 950 serenos

253 972 443 1009 Foedavit
460 974 594 1009 vultus
609 974 625 1009 ἶ)
654 980 721 1009 aut
742 987 810 1009 cur
828 975 924 1011 haec
942 976 1105 1011 vulnera
1123 989 1236 1011 cerno
1250 977 1284 1011 2³⁷

253 1035 323 1070 Ille
340 1035 441 1070 nihil
456 1048 464 1081 3
494 1048 563 1071 nec
581 1049 641 1072 me
659 1043 905 1081 quaerentem
922 1050 1028 1074 vana
1045 1047 1221 1073 moratur
1236 1052 1243 1085 3

254 1096 325 1132 Sed
344 1099 518 1140 graviter
535 1100 703 1141 gemitus
722 1101 799 1134 imo
818 1099 863 1134 de
881 1104 1032 1143 pectore
1050 1099 1192 1135 ducens
1208 1113 1214 1135 :

260 1157 367 1192 ‘Heu
385 1158 486 1202 fuge,
511 1165 603 1193 nate
621 1159 712 1202 Dea,
737 1166 846 1203 teque
864 1159 927 1195 his
951 1161 1048 1194 ‘ait’
1067 1163 1169 1204 eripe
1186 1160 1366 1196 flammis.

252 1218 391 1254 Hostis
409 1218 527 1254 habet
546 1232 677 1255 muros
693 1232 701 1266 ;
730 1223 809 1255 ruit
829 1221 910 1256 alta
930 1234 953 1256 a
971 1222 1137 1257 culmine
1154 1223 1270 1265 Troja

254 1281 322 1316 Sat
340 1283 491 1324 patriae
508 1281 740 1325 Priamoque
758 1281 894 1317 datum
911 1295 917 1318 :
949 1284 982 1317 si
1001 1283 1192 1326 Pergama
1211 1283 1347 1319 dextra

255 1342 414 1377 Defendi
433 1348 600 1387 possent,
624 1345 744 1378 etiam
761 1343 836 1378 hac
855 1344 1014 1379 defensa
1033 1344 1211 1381 fuissent.

254 1404 372 1438 Sacra
390 1415 555 1448 suosque
572 1404 645 1439 tibi
664 1405 909 1440 commendat
927 1405 1045 1449 Troja
1063 1406 1230 1442 Penates
1245 1419 1252 1442 z

253 1463 338 1500 Hos
356 1476 450 1508 cape
467 1465 640 1500 fatorum
659 1468 818 1501 comites
833 1479 841 1511 ;
871 1466 934 1502 his
951 1469 1104 1502 moenia
1121 1480 1268 1512 quaere,

253 1525 400 1569 Magna
417 1532 613 1570 pererrato
631 1532 780 1563 statues
800 1539 896 1571 quae
914 1527 1076 1572 denique
1093 1531 1240 1572 ponto.'

254 1587 317 1621 Sic
335 1589 402 1632 ait,
425 1591 464 1622 et,
482 1587 663 1623 manibus
681 1590 805 1623 vittas
824 1588 1057 1633 Vestamque
1074 1596 1268 1633 potentem

254 1650 539 1693 Aeternumque
557 1649 688 1692 adytis
706 1650 814 1684 effert
833 1650 1094 1693 penetralibus
1114 1653 1266 1700 ignem„

303 1709 466 1744 Diverso
484 1711 630 1745 interea
648 1712 861 1745 miscentur
879 1713 1030 1746 moenia
1049 1711 1157 1746 luctu
1172 1724 1180 1757 5

254 1770 306 1805 Et·
323 1772 451 1819 magis
469 1775 584 1814 atque
601 1772 729 1814 magis
751 1772 999 1816 (quamquam
1019 1780 1163 1807 secreta
1183 1775 1354 1816 parentis

260 1831 451 1867 Anchisae
468 1831 618 1876 domus,
641 1832 917 1877 arboribusque
936 1833 1087 1868 obtecta
1106 1835 1279 1881 recessit)

254 1892 483 1929 clarescunt
501 1895 664 1937 sonitus,
689 1906 960 1938 armorumque
978 1896 1124 1937 ingruit
1144 1894 1290 1929 horror.

253 1954 443 1989 Excutior
460 1966 607 1999 somno,
630 1959 667 1990 et
687 1956 830 1990 summi
848 1955 1011 1999 fastigia
1029 1957 1123 1990 tecti

253 2016 429 2050 Ascensu
446 2027 594 2059 supero⁷
619 2020 734 2059 atque
751 2017 911 2051 arrectis
929 2015 1088 2052 auribus
1105 2024 1201 2051 asto.

254 2076 302 2110 In
319 2081 486 2120 segetem
503 2076 625 2112 veluti
643 2088 731 2111 cum
748 2075 908 2111 flamma
927 2077 1146 2113 furentibus
1163 2079 1320 2113 Austris

254 2135 396 2171 Incidit
413 2149 421 2183 3
451 2144 519 2172 aut
538 2137 697 2181 rapidus
715 2147 902 2172 montano
920 2136 1079 2173 flumine
1096 2143 1246 2188 torrens

1449 297 1522 335 275

1450 606 1522 641 <280

1450 1224 1522 1258 ⁴290

1450 1530 1471 1564 Ν.)

1475 1529 1522 1563 ἓξί

1447 1836 1468 1868 3
1473 1836 1520 1870 00
