1684 2593
218 153 265 189 24
633 165 668 191 P.
700 165 867 191 VERGILI
893 164 1071 191 MARONIS

216 249 331 286 Veste
350 263 462 295 super
481 252 652 296 fulvique
671 253 863 287 insternor
882 252 977 296 pelle
995 253 1126 298 leonis,

217 312 457 356 Succedoque
474 315 579 348 oneri
596 326 603 359 ;
634 313 791 349 dextrae
810 326 849 349 se
866 327 1011 358 parvus
1031 314 1141 350 Iulus

216 373 426 417 Implicuit‚
449 376 694 418 sequiturque
711 380 861 418 patrem
879 387 957 410 non
975 375 1155 419 passibus
1175 378 1305 419 aequis
1323 388 1331 421 ;

216 434 321 470 Pone
339 435 443 470 subit
461 435 641 479 conjunx.
699 436 874 471 Ferimur
893 449 958 480 por
976 449 1096 480 opaca
1114 437 1286 471 locorum
1304 449 1311 472 ε
1411 436 1483 472 725

215 495 267 531 Et
285 508 356 534 me.
379 509 490 540 quem
509 496 655 531 dudum
672 509 750 532 non
769 497 849 532 ulla
868 497 1010 541 injecta
1028 497 1236 533 movebant

213 556 315 600 Tela,
339 569 458 600 neque
477 557 639 592 adverso
658 558 862 601 glomerati
878 570 925 593 ex
944 560 1098 601 agmine
1116 559 1220 601 Grai,

214 617 327 652 Nunc
345 629 476 652 omnes
491 624 636 654 terrent
655 631 780 663 aurae,
806 631 924 654 sonus
942 621 1089 654 excitat
1108 621 1234 654 omnis

213 678 459 723 Suspensum,
484 684 521 714 et:
540 682 684 723 pariter
702 682 907 724 comitique
926 682 1103 724 onerique
1122 682 1331 716 timentem,

262 740 428 785 Jamque
446 742 751 786 propinquabam
770 744 904 785 portis,
927 754 1151 786 omnemque
1169 742 1329 777 Videbar
1407 743 1479 777 730

213 802 398 838 Evasisse
415 805 521 838 viam
539 816 546 848 3
577 804 706 838 subito
725 816 813 838 cum
832 804 959 839 creber
979 804 1028 838 ad
1048 816 1160 839 aures

214 864 331 900 Visus
350 864 481 900 adesse
500 865 639 908 pedum
659 868 819 909 sonitus,
844 867 1068 909 genitorque
1086 878 1150 909 per
1168 865 1347 900 umbram

213 926 466 970 Prospiciens.
498 927 644 969 ‘Nate,’
663 927 866 962 exclamat.
899 927 1019 971 ‘fuge,
1045 932 1157 972 nate,
1188 929 1458 971 propinquant.

213 987 403 1022 Ardentes
422 988 563 1031 clipeos
583 994 698 1032 atque
716 1000 804 1023 aera
823 989 1009 1023 micantia
1029 990 1170 1024 cerno.⁷

213 1048 288 1083 Hic
306 1049 403 1084 mihi
422 1051 550 1084 nescio
569 1049 670 1093 quod
689 1049 838 1093 trepido
857 1050 957 1084 male
974 1062 1116 1084 numen
1137 1052 1305 1084 amicum
1408 1050 1479 1084 735

213 1110 427 1147 Confusam
444 1112 585 1154 eripuit
604 1115 781 1146 mentem.
839 1111 1014 1155 Namque
1033 1113 1122 1146 avia
1142 1123 1257 1146 cursu

212 1172 314 1206 Dum
333 1184 480 1216 sequor,
502 1176 540 1207 et
558 1179 653 1207 nota
671 1172 811 1208 excedo
829 1174 982 1216 regione
1000 1174 1164 1215 viarum,

212 1233 299 1268 Heu
317 1233 324 1268 !
353 1236 493 1269 misero
511 1234 683 1277 conjunx
701 1234 834 1269 fatone
851 1238 980 1278 erepta
1000 1234 1145 1270 Creusa

213 1292 422 1338 Substitit(
429 1297 624 1329 erravitne
641 1297 717 1339 via,
744 1304 817 1330 seu·
828 1295 933 1330 lassa
951 1294 1105 1339 reseditq

212 1355 408 1390 Incertum
426 1368 433 1401 3
463 1367 532 1390 nec
554 1361 642 1400 posti
661 1356 782 1391 oculis
799 1361 857 1391 est
876 1355 1026 1391 reddita
1044 1358 1203 1391 nostris.
1409 1357 1479 1391 740

212 1416 288 1450 Nec
307 1418 414 1460 prius
433 1418 620 1451 amissam
638 1418 795 1465 respexi,
821 1419 1044 1451 animumve
1059 1416 1202 1460 reflexi,

212 1476 337 1520 Quam
357 1477 552 1512 tumulum
571 1479 754 1522 antiquae
773 1477 921 1514 Cereris
940 1477 1138 1522 sedemque
1158 1484 1353 1513 sacratam

213 1538 397 1573 Venimus
415 1551 422 1573 :
453 1538 517 1572 hic
536 1538 690 1573 demum
708 1539 880 1574 collectis
899 1539 1078 1575 omnibus
1096 1552 1174 1574 una

212 1599 354 1643 Defuit,
378 1604 414 1633 et
434 1601 593 1634 comites
611 1604 822 1643 natumque
841 1601 1042 1643 virumque
1060 1600 1205 1634 fefellit.

1455 1662 1476 1695 D·

213 1660 335 1703 Quem
351 1672 430 1694 non
449 1662 627 1696 incusavi
646 1673 779 1696 amens
797 1661 1073 1705 hominumque
1091 1661 1320 1705 deorumque
1335 1663 1351 1696 ἱ)
1406 1662 1450 1695 74

211 1722 293 1756 Aut
310 1721 402 1766 quid
420 1723 461 1755 in
478 1733 612 1757 eversa
630 1721 713 1757 vidi
730 1722 922 1757 crudelius
941 1722 1032 1756 urbe
1047 1722 1063 1757 ἱ)

194 1798 198 1800 Ἴ
212 1783 425 1817 Ascanium
443 1777 716 1826 Anchisenque
732 1788 882 1826 patrem
898 1783 1135 1826 Teucrosque
1154 1784 1318 1818 Penates

213 1842 447 1878 Commendo
466 1844 592 1887 sociis,
615 1846 654 1878 et,
672 1854 793 1878 curva
810 1843 913 1878 valle
931 1843 1096 1878 recondo
1113 1856 1120 1889 3

212 1904 299 1948 Ipse
315 1904 449 1939 urbem
465 1908 603 1949 repeto,
627 1908 665 1940 et
683 1906 818 1948 cingor
836 1905 1074 1949 fulgentibus
1093 1907 1221 1940 armis.

213 1966 299 2001 Stat,
318 1977 431 2000 casus
449 1977 636 2000 renovare
653 1977 795 2011 omnes,
821 1978 1045 2010 omnemque
1062 1968 1201 2001 reverti
1404 1965 1476 2000 750

211 2027 285 2062 Per
301 2027 468 2071 ijam,
492 2030 530 2061 et
548 2039 684 2062 rursus
703 2032 819 2072 caput
837 2027 1028 2070 objectare
1044 2028 1204 2071 periclis.

261 2087 457 2131 Principio
474 2099 606 2122 muros
625 2088 860 2132 obscuraque
876 2087 1013 2122 limina
1031 2094 1172 2132 portae,

212 2147 297 2192 Qua
315 2159 491 2192 gressum
508 2148 731 2192 extuleram,
756 2155 893 2193 repeto,
917 2153 955 2183 et
974 2150 1139 2191 vestigia
1157 2154 1259 2184 retro
