1684 2593
586 181 785 207 Amxssmos
812 181 886 207 Lm.
920 181 961 209 11.
1364 173 1412 205 25)

148 270 362 307 Observata
381 282 516 314 sequor
533 282 598 314 per
616 274 768 305 noctem
784 274 822 304 et
840 269 986 304 lumine
1007 269 1143 304 lustro.

146 330 295 365 Horror
312 330 451 374 ubique
468 332 608 374 animo,
633 331 749 366 simul
766 332 851 374 ipsa
870 331 1024 365 silentia
1042 334 1197 365 terrent.
1341 327 1412 362 750

147 391 242 427 Inde
258 391 425 437 domum,
451 393 485 427 si
503 392 603 427 forte
620 391 762 436 pedem⁷
788 394 822 427 si
841 392 943 427 forte
959 391 1123 435 tulisset⁷

147 452 209 488 Me
224 453 346 488 refero
364 465 371 488 :
400 454 596 488 irruerant
614 453 752 496 Danai,
775 457 814 488 et
834 457 979 488 tectum
999 464 1110 487 omne
1128 451 1322 486 tenebant.

146 513 256 549 Ilicet
273 515 377 557 ignis
393 513 494 549 edax
511 526 663 550 summa
682 513 732 549 ad
751 514 912 557 fastigia
930 518 1046 548 vento

146 575 349 620 Volvitur3
377 580 610 618 exsuperant
627 573 817 618 flammae,
843 575 939 609 furit
958 579 1089 609 aestus
1109 573 1157 608 ad
1178 586 1304 607 auras.

146 633 316 669 Procedo
332 639 370 669 et
388 634 537 669 Priami
554 634 663 670 sedes
681 646 881 678 arcemque
898 636 1034 669 reviso.
1058 651 1060 653 >
1340 633 1410 666 Tmo

147 694 198 729 Et
216 694 297 738 jam
314 695 526 739 porticibus
543 697 689 739 vacuis⁷
715 695 884 730 Junonis
903 695 1025 738 asylo,

147 755 334 791 Custodes
351 756 441 791 lecti
458 756 634 791 Phoenix
651 764 688 791 et
709 756 815 791 dirus
835 756 970 792 Ulixes

145 816 335 852 Praedam
354 817 620 853 asservabant.
662 818 765 852 ¹Huc
783 817 951 861 undique
967 818 1083 852 Troia
1101 829 1198 859 gaza

144 877 318 914 Incensis
334 884 464 922 erepta
483 878 624 922 adytis,
648 890 879 922 mensaeque
897 877 1065 921 deorum,

145 939 393 983 Crateresque
410 951 506 974 auro
524 939 647 983 solidi,
672 941 899 983 captivaque
917 941 1036 974 vestis
1339 939 1410 973 765

145 1000 375 1044 Congeritur
392 1013 399 1035 :
429 1002 536 1044 pueri
553 1005 591 1035 et
608 993 773 1044 pavidae
790 1000 906 1043 longo
925 999 1058 1034 ordine
1074 1006 1219 1035 matres

144 1063 259 1098 Stant
276 1064 430 1097 circum.

193 1123 324 1159 Ausus
341 1125 434 1167 quin
452 1125 571 1158 etiam
588 1134 704 1158 voces
722 1122 868 1166 jactare
886 1135 951 1167 per
968 1122 1157 1167 umbram,

143 1184 305 1228 Implevi
322 1185 489 1220 clamore
504 1187 603 1228 vias,
625 1192 868 1229 maestusque
886 1185 1070 1220 Creusam

143 1245 383 1290 Nequiquam
400 1248 645 1289 ingeminans
663 1248 875 1290 iterumque
892 1248 1104 1289 iterumque
1121 1247 1269 1280 vocavi.
1338 1245 1409 1279 770

144 1305 360 1350 Quaerenti,
384 1312 422 1341 et
440 1308 554 1342 tectis
571 1306 680 1342 urbis
699 1308 782 1342 sine
798 1307 874 1342 fine
892 1307 1046 1350 furenti,

142 1367 284 1403 Infelix
301 1367 553 1402 simulacrum
572 1374 686 1412 atque
704 1370 827 1411 ipsius
845 1367 983 1402 umbra
1003 1367 1168 1403 Creusae

143 1427 238 1462 Visa
256 1427 354 1462 mihi
372 1434 462 1462 ante
479 1427 620 1470 oculos7
644 1433 682 1462 et
700 1433 794 1462 nota
812 1427 937 1471 major
956 1429 1095 1470 imago.

144 1488 332 1532 Obstipui,
357 1493 621 1532 steteruntque
640 1500 772 1523 comae
788 1494 825 1524 et
844 1500 921 1523 vox
940 1488 1118 1523 faucibus
1136 1488 1269 1523 haesit.

141 1550 240 1584 Tum
259 1551 314 1585 sic
333 1549 455 1593 affari,
479 1556 517 1585 et
536 1562 649 1586 curas
668 1550 729 1585 his
749 1549 895 1585 demere
913 1549 1052 1586 dictis:
1337 1551 1356 1584 7

149 1610 271 1654 ‘Quid
289 1617 447 1646 tantum
463 1613 602 1647 insano
619 1611 731 1655 juvat
750 1611 948 1655 indulgere
966 1611 1098 1656 dolori⁷

143 1671 175 1707 O
195 1671 318 1707 dulcis
336 1672 536 1715 conjunx?
563 1684 642 1707 non
660 1673 755 1708 haec
774 1675 856 1708 sine
874 1675 1033 1708 numine
1051 1673 1195 1707 Divum

142 1733 337 1768 Eveniunt
355 1745 362 1768 :
392 1745 461 1769 nec
480 1738 518 1769 te
535 1734 628 1769 hinc
646 1737 829 1770 comitem
847 1741 1046 1778 asportare
1064 1735 1249 1771 Creusam

142 1793 230 1838 Fas,
255 1800 323 1828 aut
342 1794 406 1829 1Πο
424 1796 519 1830 sinit
537 1796 665 1838 superi
682 1800 865 1838 regnator
884 1795 1049 1839 Olympi.

142 1854 279 1898 Longa
296 1854 369 1888 tibi
385 1855 532 1900 exsilia,
556 1860 595 1890 et
614 1861 772 1891 vastum
790 1858 910 1891 maris
930 1868 1069 1900 aequor
1087 1856 1289 1900 arandum,
1336 1856 1406 1890 780

143 1915 195 1950 Et
212 1920 356 1950 terram
374 1915 603 1960 Hesperiam
620 1918 761 1961 venies,
784 1916 851 1951 ubi
869 1917 1019 1960 Lydius
1039 1929 1134 1952 arva

143 1975 249 2011 Inter
267 1978 395 2020 opima
413 1978 543 2011 virum
561 1977 640 2012 leni
656 1976 744 2012 fluit
763 1980 917 2021 agmine
934 1977 1115 2020 Thybris.

142 2037 228 2072 Illic
244 2050 305 2073 res
323 2038 447 2073 laetae
464 2050 700 2083 regnumque
715 2044 754 2075 et
772 2042 879 2083 regia
897 2040 1068 2083 conjunx

143 2097 265 2133 Parta
282 2098 353 2133 tibi
369 2111 376 2134 :
406 2099 589 2134 lacrimas
607 2099 769 2135 dilectae
786 2101 880 2144 pelle
899 2100 1072 2136 Creusae.

144 2160 231 2195 Non
247 2172 318 2204 ego
335 2161 627 2204 Myrmidonum
646 2162 753 2198 sedes
771 2163 1009 2206 Dolopumve
1024 2163 1212 2207 >superbas
1335 2163 1406 2198 785
