<?xml version="1.0" encoding="UTF-8"?>
<!DOCTYPE html PUBLIC "-//W3C//DTD XHTML 1.0 Transitional//EN"
    "http://www.w3.org/TR/xhtml1/DTD/xhtml1-transitional.dtd">
<html xmlns="http://www.w3.org/1999/xhtml" xml:lang="en" lang="en">
 <head>
  <title>
</title>
<meta http-equiv="Content-Type" content="text/html;charset=utf-8" />
  <meta name='ocr-system' content='tesseract 3.04.00' />
  <meta name='ocr-capabilities' content='ocr_page ocr_carea ocr_par ocr_line ocrx_word'/>
</head>
<body>
  <div class='ocr_page' id='page_1' title='image "aeneidbookvirgil02virguoft_0055.png"; bbox 0 0 1684 2593; ppageno 0'>
   <div class='ocr_carea' id='block_1_1' title="bbox 588 152 1410 188">
    <p class='ocr_par' dir='ltr' id='par_1_1' title="bbox 588 152 1410 188">
     <span class='ocr_line' id='line_1_1' title="bbox 588 152 1410 188; baseline 0.004 -3"><span class='ocrx_word' id='word_1_1' title='bbox 588 160 788 186; x_wconf 75' lang='lat' dir='ltr'>AENEIDOS</span> <span class='ocrx_word' id='word_1_2' title='bbox 813 161 889 186; x_wconf 68' lang='grc' dir='ltr'>ΜΒ.</span> <span class='ocrx_word' id='word_1_3' title='bbox 921 161 964 187; x_wconf 90' lang='lat'>11.</span> <span class='ocrx_word' id='word_1_4' title='bbox 1364 152 1410 188; x_wconf 76' lang='lat'>17</span> 
     </span>
    </p>
   </div>
   <div class='ocr_carea' id='block_1_2' title="bbox 141 245 1411 2186">
    <p class='ocr_par' dir='ltr' id='par_1_2' title="bbox 148 245 1280 292">
     <span class='ocr_line' id='line_1_2' title="bbox 148 245 1280 292; baseline 0.004 -11"><span class='ocrx_word' id='word_1_5' title='bbox 148 245 286 282; x_wconf 77' lang='lat' dir='ltr'><strong>Fertur</strong></span> <span class='ocrx_word' id='word_1_6' title='bbox 305 248 346 281; x_wconf 87' lang='lat' dir='ltr'>in</span> <span class='ocrx_word' id='word_1_7' title='bbox 365 259 460 282; x_wconf 86' lang='lat' dir='ltr'>arva</span> <span class='ocrx_word' id='word_1_8' title='bbox 479 247 611 283; x_wconf 84' lang='lat' dir='ltr'>furens</span> <span class='ocrx_word' id='word_1_9' title='bbox 629 247 793 292; x_wconf 77' lang='lat' dir='ltr'>cumulo,</span> <span class='ocrx_word' id='word_1_10' title='bbox 818 259 1047 292; x_wconf 86' lang='lat' dir='ltr'>camposque</span> <span class='ocrx_word' id='word_1_11' title='bbox 1064 261 1129 292; x_wconf 88' lang='lat' dir='ltr'>per</span> <span class='ocrx_word' id='word_1_12' title='bbox 1148 255 1280 286; x_wconf 80' lang='lat' dir='ltr'>omnes</span> 
     </span>
    </p>

    <p class='ocr_par' dir='ltr' id='par_1_3' title="bbox 148 306 1239 352">
     <span class='ocr_line' id='line_1_3' title="bbox 148 306 1239 352; baseline 0.003 -10"><span class='ocrx_word' id='word_1_13' title='bbox 148 306 430 343; x_wconf 65' lang='lat' dir='ltr'>Cum‘stabulis</span> <span class='ocrx_word' id='word_1_14' title='bbox 449 313 625 342; x_wconf 88' lang='lat' dir='ltr'>armenta</span> <span class='ocrx_word' id='word_1_15' title='bbox 643 308 778 343; x_wconf 83' lang='lat' dir='ltr'>trahit.</span> <span class='ocrx_word' id='word_1_16' title='bbox 838 308 928 343; x_wconf 83' lang='lat' dir='ltr'>Vidi</span> <span class='ocrx_word' id='word_1_17' title='bbox 946 310 1027 352; x_wconf 88' lang='lat' dir='ltr'>ipse</span> <span class='ocrx_word' id='word_1_18' title='bbox 1046 309 1239 345; x_wconf 78' lang='lat' dir='ltr'>furentem</span> 
     </span>
    </p>

    <p class='ocr_par' dir='ltr' id='par_1_4' title="bbox 147 368 1411 414">
     <span class='ocr_line' id='line_1_4' title="bbox 147 368 1411 414; baseline 0.002 -10"><span class='ocrx_word' id='word_1_19' title='bbox 147 368 270 404; x_wconf 82' lang='lat' dir='ltr'>Caede</span> <span class='ocrx_word' id='word_1_20' title='bbox 289 369 580 413; x_wconf 83' lang='lat' dir='ltr'>Neoptolemum</span> <span class='ocrx_word' id='word_1_21' title='bbox 598 372 844 414; x_wconf 84' lang='lat' dir='ltr'>geminosque</span> <span class='ocrx_word' id='word_1_22' title='bbox 863 372 902 405; x_wconf 92' lang='lat' dir='ltr'>in</span> <span class='ocrx_word' id='word_1_23' title='bbox 921 371 1053 407; x_wconf 90' lang='lat' dir='ltr'>limine</span> <span class='ocrx_word' id='word_1_24' title='bbox 1071 372 1232 408; x_wconf 81' lang='lat' dir='ltr'>Atridas</span> <span class='ocrx_word' id='word_1_25' title='bbox 1248 385 1254 407; x_wconf 89' lang='lat'><strong>:</strong></span> <span class='ocrx_word' id='word_1_26' title='bbox 1340 373 1411 407; x_wconf 90' lang='grc'>500</span> 
     </span>
    </p>

    <p class='ocr_par' dir='ltr' id='par_1_5' title="bbox 150 429 1322 477">
     <span class='ocr_line' id='line_1_5' title="bbox 150 429 1322 477; baseline 0.003 -13"><span class='ocrx_word' id='word_1_27' title='bbox 150 429 236 464; x_wconf 89' lang='lat' dir='ltr'>Vidi</span> <span class='ocrx_word' id='word_1_28' title='bbox 254 429 455 465; x_wconf 81' lang='lat' dir='ltr'>Hecubam</span> <span class='ocrx_word' id='word_1_29' title='bbox 473 437 699 475; x_wconf 79' lang='lat' dir='ltr'>centumque</span> <span class='ocrx_word' id='word_1_30' title='bbox 717 444 839 467; x_wconf 87' lang='lat' dir='ltr'>nurus</span> <span class='ocrx_word' id='word_1_31' title='bbox 858 433 1132 477; x_wconf 82' lang='lat' dir='ltr'>Priamumque</span> <span class='ocrx_word' id='word_1_32' title='bbox 1150 446 1215 477; x_wconf 88' lang='lat' dir='ltr'>per</span> <span class='ocrx_word' id='word_1_33' title='bbox 1234 446 1322 469; x_wconf 87' lang='lat' dir='ltr'>aras</span> 
     </span>
    </p>

    <p class='ocr_par' dir='ltr' id='par_1_6' title="bbox 147 492 1206 540">
     <span class='ocr_line' id='line_1_6' title="bbox 147 492 1206 540; baseline 0.006 -15"><span class='ocrx_word' id='word_1_34' title='bbox 147 492 342 535; x_wconf 83' lang='lat' dir='ltr'>Sanguine</span> <span class='ocrx_word' id='word_1_35' title='bbox 361 492 588 537; x_wconf 72' lang='lat' dir='ltr'>foedantem,</span> <span class='ocrx_word' id='word_1_36' title='bbox 613 506 708 537; x_wconf 87' lang='lat' dir='ltr'>quos</span> <span class='ocrx_word' id='word_1_37' title='bbox 728 496 809 537; x_wconf 85' lang='lat' dir='ltr'>ipse</span> <span class='ocrx_word' id='word_1_38' title='bbox 827 500 1060 540; x_wconf 81' lang='lat' dir='ltr'>sacra-verat,</span> <span class='ocrx_word' id='word_1_39' title='bbox 1084 497 1206 538; x_wconf 88' lang='lat' dir='ltr'>ignes.</span> 
     </span>
    </p>

    <p class='ocr_par' dir='ltr' id='par_1_7' title="bbox 146 552 1159 600">
     <span class='ocr_line' id='line_1_7' title="bbox 146 552 1159 600; baseline 0.004 -13"><span class='ocrx_word' id='word_1_40' title='bbox 146 552 437 597; x_wconf 82' lang='lat' dir='ltr'>Quinquaginta</span> <span class='ocrx_word' id='word_1_41' title='bbox 456 555 512 589; x_wconf 91' lang='lat' dir='ltr'>illi</span> <span class='ocrx_word' id='word_1_42' title='bbox 530 555 706 590; x_wconf 78' lang='lat' dir='ltr'>thalami.</span> <span class='ocrx_word' id='word_1_43' title='bbox 731 568 816 598; x_wconf 88' lang='lat' dir='ltr'>spes</span> <span class='ocrx_word' id='word_1_44' title='bbox 834 561 947 591; x_wconf 86' lang='lat' dir='ltr'>tanta</span> <span class='ocrx_word' id='word_1_45' title='bbox 966 563 1159 600; x_wconf 83' lang='lat' dir='ltr'>nepotum,</span> 
     </span>
    </p>

    <p class='ocr_par' dir='ltr' id='par_1_8' title="bbox 146 614 1019 661">
     <span class='ocr_line' id='line_1_8' title="bbox 146 614 1019 661; baseline 0.005 -13"><span class='ocrx_word' id='word_1_46' title='bbox 146 614 355 650; x_wconf 83' lang='lat' dir='ltr'>Barba-rico</span> <span class='ocrx_word' id='word_1_47' title='bbox 373 626 501 659; x_wconf 85' lang='lat' dir='ltr'>postes</span> <span class='ocrx_word' id='word_1_48' title='bbox 520 628 614 650; x_wconf 86' lang='lat' dir='ltr'>auro</span> <span class='ocrx_word' id='word_1_49' title='bbox 633 616 838 660; x_wconf 82' lang='lat' dir='ltr'>spoliisque</span> <span class='ocrx_word' id='word_1_50' title='bbox 857 617 1019 661; x_wconf 87' lang='lat' dir='ltr'>superbi,</span> 
     </span>
    </p>

    <p class='ocr_par' dir='ltr' id='par_1_9' title="bbox 144 675 1410 784">
     <span class='ocr_line' id='line_1_9' title="bbox 144 675 1410 722; baseline 0.002 -12"><span class='ocrx_word' id='word_1_51' title='bbox 144 675 405 712; x_wconf 81' lang='lat' dir='ltr'>Procubuere:</span> <span class='ocrx_word' id='word_1_52' title='bbox 437 682 567 712; x_wconf 83' lang='lat' dir='ltr'>tenent</span> <span class='ocrx_word' id='word_1_53' title='bbox 587 678 724 722; x_wconf 73' lang='lat' dir='ltr'>Danai⁷</span> <span class='ocrx_word' id='word_1_54' title='bbox 749 690 825 722; x_wconf 88' lang='lat' dir='ltr'>qua</span> <span class='ocrx_word' id='word_1_55' title='bbox 843 677 970 713; x_wconf 88' lang='lat' dir='ltr'>deficit</span> <span class='ocrx_word' id='word_1_56' title='bbox 991 681 1103 722; x_wconf 85' lang='lat' dir='ltr'>ignis.</span> <span class='ocrx_word' id='word_1_57' title='bbox 1337 680 1410 714; x_wconf 75' lang='lat'>500</span> 
     </span>
     <span class='ocr_line' id='line_1_10' title="bbox 193 737 1208 784; baseline 0.004 -12"><span class='ocrx_word' id='word_1_58' title='bbox 193 737 375 782; x_wconf 48' lang='lat' dir='ltr'>Fors&#39;wan</span> <span class='ocrx_word' id='word_1_59' title='bbox 392 744 439 779; x_wconf 73' lang='lat' dir='ltr'>et.</span> <span class='ocrx_word' id='word_1_60' title='bbox 464 739 613 773; x_wconf 80' lang='lat' dir='ltr'>Priami</span> <span class='ocrx_word' id='word_1_61' title='bbox 631 739 776 775; x_wconf 75' lang='lat' dir='ltr'>fuerint</span> <span class='ocrx_word' id='word_1_62' title='bbox 794 752 890 784; x_wconf 88' lang='lat' dir='ltr'>quae</span> <span class='ocrx_word' id='word_1_63' title='bbox 909 741 1004 783; x_wconf 83' lang='lat' dir='ltr'>fata,</span> <span class='ocrx_word' id='word_1_64' title='bbox 1025 743 1208 784; x_wconf 84' lang='lat' dir='ltr'>requiras.</span> 
     </span>
    </p>

    <p class='ocr_par' dir='ltr' id='par_1_10' title="bbox 144 798 1055 845">
     <span class='ocr_line' id='line_1_11' title="bbox 144 798 1055 845; baseline 0.004 -13"><span class='ocrx_word' id='word_1_65' title='bbox 144 798 262 833; x_wconf 85' lang='lat' dir='ltr'>Urbis</span> <span class='ocrx_word' id='word_1_66' title='bbox 280 801 340 833; x_wconf 88' lang='lat' dir='ltr'>uti</span> <span class='ocrx_word' id='word_1_67' title='bbox 358 805 492 843; x_wconf 89' lang='lat' dir='ltr'>captae</span> <span class='ocrx_word' id='word_1_68' title='bbox 511 812 655 844; x_wconf 87' lang='lat' dir='ltr'>casum,</span> <span class='ocrx_word' id='word_1_69' title='bbox 680 801 940 845; x_wconf 84' lang='lat' dir='ltr'>convulsaque</span> <span class='ocrx_word' id='word_1_70' title='bbox 958 801 1055 836; x_wconf 83' lang='lat' dir='ltr'>vidit</span> 
     </span>
    </p>

    <p class='ocr_par' dir='ltr' id='par_1_11' title="bbox 143 858 1279 906">
     <span class='ocr_line' id='line_1_12' title="bbox 143 858 1279 906; baseline 0 -9"><span class='ocrx_word' id='word_1_71' title='bbox 143 858 297 897; x_wconf 73' lang='lat' dir='ltr'>Limjna</span> <span class='ocrx_word' id='word_1_72' title='bbox 315 864 514 904; x_wconf 69' lang='lat' dir='ltr'>tectorum,</span> <span class='ocrx_word' id='word_1_73' title='bbox 539 866 577 895; x_wconf 78' lang='lat' dir='ltr'>et</span> <span class='ocrx_word' id='word_1_74' title='bbox 595 860 764 895; x_wconf 87' lang='lat' dir='ltr'>medium</span> <span class='ocrx_word' id='word_1_75' title='bbox 782 863 822 895; x_wconf 90' lang='lat' dir='ltr'>in</span> <span class='ocrx_word' id='word_1_76' title='bbox 841 862 1100 905; x_wconf 80' lang='lat' dir='ltr'>penetralibus</span> <span class='ocrx_word' id='word_1_77' title='bbox 1118 862 1279 906; x_wconf 88' lang='lat' dir='ltr'>hostem,</span> 
     </span>
    </p>

    <p class='ocr_par' dir='ltr' id='par_1_12' title="bbox 143 920 1055 957">
     <span class='ocr_line' id='line_1_13' title="bbox 143 920 1055 957; baseline 0.001 -1"><span class='ocrx_word' id='word_1_78' title='bbox 143 921 264 956; x_wconf 64' lang='lat' dir='ltr'>Arm21</span> <span class='ocrx_word' id='word_1_79' title='bbox 282 920 348 956; x_wconf 84' lang='lat' dir='ltr'>diu</span> <span class='ocrx_word' id='word_1_80' title='bbox 367 923 493 956; x_wconf 86' lang='lat' dir='ltr'>senior</span> <span class='ocrx_word' id='word_1_81' title='bbox 512 921 669 957; x_wconf 88' lang='lat' dir='ltr'>desueta</span> <span class='ocrx_word' id='word_1_82' title='bbox 688 922 941 957; x_wconf 84' lang='lat' dir='ltr'>trementibus</span> <span class='ocrx_word' id='word_1_83' title='bbox 961 935 1055 957; x_wconf 80' lang='lat' dir='ltr'>aevo</span> 
     </span>
    </p>

    <p class='ocr_par' dir='ltr' id='par_1_13' title="bbox 143 982 1409 1027">
     <span class='ocr_line' id='line_1_14' title="bbox 143 982 1409 1027; baseline 0.001 -9"><span class='ocrx_word' id='word_1_84' title='bbox 143 982 367 1018; x_wconf 87' lang='lat' dir='ltr'>Circumdat</span> <span class='ocrx_word' id='word_1_85' title='bbox 387 984 619 1026; x_wconf 86' lang='lat' dir='ltr'>nequiquam</span> <span class='ocrx_word' id='word_1_86' title='bbox 636 984 792 1027; x_wconf 87' lang='lat' dir='ltr'>umeris,</span> <span class='ocrx_word' id='word_1_87' title='bbox 815 988 851 1018; x_wconf 87' lang='lat' dir='ltr'>et</span> <span class='ocrx_word' id='word_1_88' title='bbox 872 984 1007 1019; x_wconf 87' lang='lat' dir='ltr'>inutile</span> <span class='ocrx_word' id='word_1_89' title='bbox 1027 985 1172 1019; x_wconf 81' lang='lat' dir='ltr'>ferrum</span> <span class='ocrx_word' id='word_1_90' title='bbox 1337 984 1409 1019; x_wconf 82' lang='lat'>510</span> 
     </span>
    </p>

    <p class='ocr_par' dir='ltr' id='par_1_14' title="bbox 143 1043 1155 1087">
     <span class='ocr_line' id='line_1_15' title="bbox 143 1043 1155 1087; baseline 0.002 -9"><span class='ocrx_word' id='word_1_91' title='bbox 143 1043 332 1087; x_wconf 65' lang='lat' dir='ltr'>Cingitur.</span> <span class='ocrx_word' id='word_1_92' title='bbox 359 1055 403 1078; x_wconf 87' lang='lat' dir='ltr'>ac</span> <span class='ocrx_word' id='word_1_93' title='bbox 423 1043 561 1079; x_wconf 85' lang='lat' dir='ltr'>densos</span> <span class='ocrx_word' id='word_1_94' title='bbox 581 1044 703 1078; x_wconf 86' lang='lat' dir='ltr'>fertur</span> <span class='ocrx_word' id='word_1_95' title='bbox 721 1046 933 1079; x_wconf 87' lang='lat' dir='ltr'>moriturus</span> <span class='ocrx_word' id='word_1_96' title='bbox 953 1046 993 1079; x_wconf 90' lang='lat' dir='ltr'>in</span> <span class='ocrx_word' id='word_1_97' title='bbox 1011 1045 1155 1080; x_wconf 87' lang='lat' dir='ltr'>hostes.</span> 
     </span>
    </p>

    <p class='ocr_par' dir='ltr' id='par_1_15' title="bbox 142 1104 1115 1150">
     <span class='ocr_line' id='line_1_16' title="bbox 142 1104 1115 1150; baseline 0.002 -11"><span class='ocrx_word' id='word_1_98' title='bbox 142 1104 312 1140; x_wconf 87' lang='lat' dir='ltr'>Aedibus</span> <span class='ocrx_word' id='word_1_99' title='bbox 332 1107 372 1139; x_wconf 90' lang='lat' dir='ltr'>in</span> <span class='ocrx_word' id='word_1_100' title='bbox 390 1105 539 1148; x_wconf 87' lang='lat' dir='ltr'>mediis,</span> <span class='ocrx_word' id='word_1_101' title='bbox 561 1104 739 1149; x_wconf 88' lang='lat' dir='ltr'>nudoque</span> <span class='ocrx_word' id='word_1_102' title='bbox 757 1104 828 1141; x_wconf 88' lang='lat' dir='ltr'>sub</span> <span class='ocrx_word' id='word_1_103' title='bbox 847 1106 1014 1141; x_wconf 86' lang='lat' dir='ltr'>aetheris</span> <span class='ocrx_word' id='word_1_104' title='bbox 1035 1119 1115 1150; x_wconf 82' lang='lat' dir='ltr'>axe,</span> 
     </span>
    </p>

    <p class='ocr_par' dir='ltr' id='par_1_16' title="bbox 143 1165 1066 1210">
     <span class='ocr_line' id='line_1_17' title="bbox 143 1165 1066 1210; baseline 0.001 -10"><span class='ocrx_word' id='word_1_105' title='bbox 143 1165 284 1209; x_wconf 85' lang='lat' dir='ltr'>Ingens</span> <span class='ocrx_word' id='word_1_106' title='bbox 303 1178 372 1200; x_wconf 88' lang='lat' dir='ltr'>ara</span> <span class='ocrx_word' id='word_1_107' title='bbox 391 1167 478 1207; x_wconf 75' lang='lat' dir='ltr'>fuit,</span> <span class='ocrx_word' id='word_1_108' title='bbox 503 1166 690 1210; x_wconf 82' lang='lat' dir='ltr'>juxtaque</span> <span class='ocrx_word' id='word_1_109' title='bbox 711 1168 913 1201; x_wconf 82' lang='lat' dir='ltr'>veterrima</span> <span class='ocrx_word' id='word_1_110' title='bbox 932 1167 1066 1202; x_wconf 89' lang='lat' dir='ltr'>laurus</span> 
     </span>
    </p>

    <p class='ocr_par' dir='ltr' id='par_1_17' title="bbox 142 1227 1199 1272">
     <span class='ocr_line' id='line_1_18' title="bbox 142 1227 1199 1272; baseline 0.003 -11"><span class='ocrx_word' id='word_1_111' title='bbox 142 1227 372 1263; x_wconf 88' lang='lat' dir='ltr'>Incumbens</span> <span class='ocrx_word' id='word_1_112' title='bbox 391 1239 489 1272; x_wconf 78' lang='lat' dir='ltr'>arae,</span> <span class='ocrx_word' id='word_1_113' title='bbox 516 1234 630 1272; x_wconf 87' lang='lat' dir='ltr'>atque</span> <span class='ocrx_word' id='word_1_114' title='bbox 646 1227 785 1263; x_wconf 88' lang='lat' dir='ltr'>umbra</span> <span class='ocrx_word' id='word_1_115' title='bbox 804 1228 1001 1272; x_wconf 83' lang='lat' dir='ltr'>complexa</span> <span class='ocrx_word' id='word_1_116' title='bbox 1020 1229 1199 1265; x_wconf 88' lang='lat' dir='ltr'>Penates.</span> 
     </span>
    </p>

    <p class='ocr_par' dir='ltr' id='par_1_18' title="bbox 141 1288 1408 1335">
     <span class='ocr_line' id='line_1_19' title="bbox 141 1288 1408 1335; baseline 0.004 -14"><span class='ocrx_word' id='word_1_117' title='bbox 141 1288 217 1322; x_wconf 86' lang='lat' dir='ltr'>Hic</span> <span class='ocrx_word' id='word_1_118' title='bbox 235 1288 395 1326; x_wconf 78' lang='lat' dir='ltr'>Hecuba</span> <span class='ocrx_word' id='word_1_119' title='bbox 412 1294 449 1323; x_wconf 87' lang='lat' dir='ltr'>et</span> <span class='ocrx_word' id='word_1_120' title='bbox 468 1297 585 1324; x_wconf 87' lang='lat' dir='ltr'>natae</span> <span class='ocrx_word' id='word_1_121' title='bbox 603 1291 835 1334; x_wconf 84' lang='lat' dir='ltr'>nequiquam</span> <span class='ocrx_word' id='word_1_122' title='bbox 854 1290 995 1325; x_wconf 88' lang='lat' dir='ltr'>altaria</span> <span class='ocrx_word' id='word_1_123' title='bbox 1014 1292 1172 1335; x_wconf 75' lang='lat' dir='ltr'>circum,</span> <span class='ocrx_word' id='word_1_124' title='bbox 1337 1291 1408 1326; x_wconf 88' lang='grc'>515</span> 
     </span>
    </p>

    <p class='ocr_par' dir='ltr' id='par_1_19' title="bbox 142 1344 1042 1396">
     <span class='ocr_line' id='line_1_20' title="bbox 142 1344 1042 1396; baseline 0.002 -12"><span class='ocrx_word' id='word_1_125' title='bbox 142 1350 377 1393; x_wconf 81' lang='lat' dir='ltr'>Praecipites</span> <span class='ocrx_word' id='word_1_126' title='bbox 397 1354 483 1385; x_wconf 89' lang='lat' dir='ltr'>atra</span> <span class='ocrx_word' id='word_1_127' title='bbox 503 1362 570 1385; x_wconf 90' lang='lat' dir='ltr'>ceu</span> <span class='ocrx_word' id='word_1_128' title='bbox 588 1344 816 1394; x_wconf 85' lang='lat' dir='ltr'>tempestate</span> <span class='ocrx_word' id='word_1_129' title='bbox 834 1351 1042 1396; x_wconf 86' lang='lat' dir='ltr'>columbae,</span> 
     </span>
    </p>

    <p class='ocr_par' dir='ltr' id='par_1_20' title="bbox 144 1410 1242 1455">
     <span class='ocr_line' id='line_1_21' title="bbox 144 1410 1242 1455; baseline 0.001 -9"><span class='ocrx_word' id='word_1_130' title='bbox 144 1410 367 1446; x_wconf 87' lang='lat' dir='ltr'>Condensae</span> <span class='ocrx_word' id='word_1_131' title='bbox 385 1416 421 1446; x_wconf 89' lang='lat' dir='ltr'>et</span> <span class='ocrx_word' id='word_1_132' title='bbox 441 1412 585 1446; x_wconf 84' lang='lat' dir='ltr'>Divum</span> <span class='ocrx_word' id='word_1_133' title='bbox 605 1411 803 1455; x_wconf 82' lang='lat' dir='ltr'>amplexae</span> <span class='ocrx_word' id='word_1_134' title='bbox 821 1412 1029 1447; x_wconf 88' lang='lat' dir='ltr'>simulacra</span> <span class='ocrx_word' id='word_1_135' title='bbox 1049 1412 1242 1448; x_wconf 87' lang='lat' dir='ltr'>sedebant.</span> 
     </span>
    </p>

    <p class='ocr_par' dir='ltr' id='par_1_21' title="bbox 142 1472 1233 1516">
     <span class='ocr_line' id='line_1_22' title="bbox 142 1472 1233 1516; baseline 0.004 -11"><span class='ocrx_word' id='word_1_136' title='bbox 142 1472 277 1515; x_wconf 87' lang='lat' dir='ltr'>Ipsum</span> <span class='ocrx_word' id='word_1_137' title='bbox 296 1477 426 1506; x_wconf 85' lang='lat' dir='ltr'>autem</span> <span class='ocrx_word' id='word_1_138' title='bbox 445 1474 610 1515; x_wconf 88' lang='lat' dir='ltr'>sumptis</span> <span class='ocrx_word' id='word_1_139' title='bbox 628 1472 830 1507; x_wconf 85' lang='lat' dir='ltr'>Priamum</span> <span class='ocrx_word' id='word_1_140' title='bbox 849 1472 1094 1516; x_wconf 74' lang='lat' dir='ltr'>juvenalibus</span> <span class='ocrx_word' id='word_1_141' title='bbox 1114 1476 1233 1509; x_wconf 87' lang='lat' dir='ltr'>armis</span> 
     </span>
    </p>

    <p class='ocr_par' dir='ltr' id='par_1_22' title="bbox 142 1532 1268 1578">
     <span class='ocr_line' id='line_1_23' title="bbox 142 1532 1268 1578; baseline 0.001 -10"><span class='ocrx_word' id='word_1_142' title='bbox 142 1533 199 1568; x_wconf 78' lang='lat' dir='ltr'>Ut.</span> <span class='ocrx_word' id='word_1_143' title='bbox 217 1532 315 1567; x_wconf 82' lang='lat' dir='ltr'>vidit</span> <span class='ocrx_word' id='word_1_144' title='bbox 333 1545 340 1567; x_wconf 79' lang='lat' dir='ltr'><em>z</em></span> <span class='ocrx_word' id='word_1_145' title='bbox 374 1546 380 1551; x_wconf 91' lang='lat'><strong>·</strong></span> <span class='ocrx_word' id='word_1_146' title='bbox 398 1532 504 1575; x_wconf 82' lang='lat' dir='ltr'>Quae</span> <span class='ocrx_word' id='word_1_147' title='bbox 522 1545 630 1568; x_wconf 90' lang='lat' dir='ltr'>mens</span> <span class='ocrx_word' id='word_1_148' title='bbox 648 1538 732 1567; x_wconf 90' lang='lat' dir='ltr'>tam</span> <span class='ocrx_word' id='word_1_149' title='bbox 749 1532 843 1577; x_wconf 83' lang='lat' dir='ltr'>dira,</span> <span class='ocrx_word' id='word_1_150' title='bbox 869 1535 1079 1568; x_wconf 84' lang='lat' dir='ltr'>miserrime</span> <span class='ocrx_word' id='word_1_151' title='bbox 1099 1534 1268 1578; x_wconf 81' lang='lat' dir='ltr'>conjunx</span> 
     </span>
    </p>

    <p class='ocr_par' dir='ltr' id='par_1_23' title="bbox 142 1593 1408 1638">
     <span class='ocr_line' id='line_1_24' title="bbox 142 1593 1408 1638; baseline 0.002 -10"><span class='ocrx_word' id='word_1_152' title='bbox 142 1593 302 1637; x_wconf 79' lang='lat' dir='ltr'>Impulit</span> <span class='ocrx_word' id='word_1_153' title='bbox 322 1593 384 1629; x_wconf 87' lang='lat' dir='ltr'>his</span> <span class='ocrx_word' id='word_1_154' title='bbox 403 1595 506 1637; x_wconf 80' lang='lat' dir='ltr'>cingi</span> <span class='ocrx_word' id='word_1_155' title='bbox 526 1594 613 1629; x_wconf 87' lang='lat' dir='ltr'>telis</span> <span class='ocrx_word' id='word_1_156' title='bbox 625 1594 642 1629; x_wconf 72' lang='lat' dir='ltr'>i&gt;</span> <span class='ocrx_word' id='word_1_157' title='bbox 669 1598 737 1629; x_wconf 88' lang='lat' dir='ltr'>aut</span> <span class='ocrx_word' id='word_1_158' title='bbox 756 1606 830 1638; x_wconf 87' lang='lat' dir='ltr'>quo</span> <span class='ocrx_word' id='word_1_159' title='bbox 849 1596 930 1630; x_wconf 89' lang='lat' dir='ltr'>ruis</span> <span class='ocrx_word' id='word_1_160' title='bbox 943 1595 959 1630; x_wconf 76' lang='grc' dir='ltr'>ἶ)</span> <span class='ocrx_word' id='word_1_161' title='bbox 972 1596 980 1611; x_wconf 90' lang='lat'>⁷</span> <span class='ocrx_word' id='word_1_162' title='bbox 1008 1597 1143 1638; x_wconf 88' lang='lat' dir='ltr'>inquit.</span> <span class='ocrx_word' id='word_1_163' title='bbox 1336 1596 1408 1631; x_wconf 77' lang='lat'>520</span> 
     </span>
    </p>

    <p class='ocr_par' dir='ltr' id='par_1_24' title="bbox 149 1654 986 1692">
     <span class='ocr_line' id='line_1_25' title="bbox 149 1654 986 1692; baseline 0.002 -3"><span class='ocrx_word' id='word_1_164' title='bbox 149 1655 256 1689; x_wconf 72' lang='lat' dir='ltr'>‘Non</span> <span class='ocrx_word' id='word_1_165' title='bbox 274 1654 346 1690; x_wconf 90' lang='lat' dir='ltr'>tali</span> <span class='ocrx_word' id='word_1_166' title='bbox 365 1655 509 1689; x_wconf 69' lang='lat' dir='ltr'>auxilio</span> <span class='ocrx_word' id='word_1_167' title='bbox 528 1666 596 1690; x_wconf 88' lang='lat' dir='ltr'>nec</span> <span class='ocrx_word' id='word_1_168' title='bbox 615 1654 880 1690; x_wconf 82' lang='lat' dir='ltr'>defensoribus</span> <span class='ocrx_word' id='word_1_169' title='bbox 899 1657 986 1692; x_wconf 90' lang='lat' dir='ltr'>istis</span> 
     </span>
    </p>

    <p class='ocr_par' dir='ltr' id='par_1_25' title="bbox 141 1716 1254 1760">
     <span class='ocr_line' id='line_1_26' title="bbox 141 1716 1254 1760; baseline 0.002 -10"><span class='ocrx_word' id='word_1_170' title='bbox 141 1716 306 1760; x_wconf 86' lang='lat' dir='ltr'>Tempus</span> <span class='ocrx_word' id='word_1_171' title='bbox 323 1720 407 1759; x_wconf 80' lang='lat' dir='ltr'>eget</span> <span class='ocrx_word' id='word_1_172' title='bbox 424 1728 431 1750; x_wconf 91' lang='lat'>:</span> <span class='ocrx_word' id='word_1_173' title='bbox 461 1728 549 1760; x_wconf 75' lang='lat' dir='ltr'>non⁷</span> <span class='ocrx_word' id='word_1_174' title='bbox 575 1718 609 1752; x_wconf 89' lang='lat' dir='ltr'>si</span> <span class='ocrx_word' id='word_1_175' title='bbox 626 1718 707 1760; x_wconf 91' lang='lat' dir='ltr'>ipse</span> <span class='ocrx_word' id='word_1_176' title='bbox 724 1729 832 1752; x_wconf 91' lang='lat' dir='ltr'>meus</span> <span class='ocrx_word' id='word_1_177' title='bbox 851 1729 954 1751; x_wconf 90' lang='lat' dir='ltr'>nunc</span> <span class='ocrx_word' id='word_1_178' title='bbox 973 1718 1107 1752; x_wconf 85' lang='lat' dir='ltr'>afforet</span> <span class='ocrx_word' id='word_1_179' title='bbox 1130 1718 1254 1753; x_wconf 88' lang='lat' dir='ltr'>Hecto</span> 
     </span>
    </p>

    <p class='ocr_par' dir='ltr' id='par_1_26' title="bbox 141 1776 1170 1823">
     <span class='ocr_line' id='line_1_27' title="bbox 141 1776 1170 1823; baseline 0.003 -13"><span class='ocrx_word' id='word_1_180' title='bbox 141 1776 230 1810; x_wconf 88' lang='lat' dir='ltr'>Huc</span> <span class='ocrx_word' id='word_1_181' title='bbox 248 1776 406 1811; x_wconf 88' lang='lat' dir='ltr'>tandem</span> <span class='ocrx_word' id='word_1_182' title='bbox 425 1777 607 1812; x_wconf 89' lang='lat' dir='ltr'>concede:</span> <span class='ocrx_word' id='word_1_183' title='bbox 638 1777 732 1812; x_wconf 89' lang='lat' dir='ltr'>haec</span> <span class='ocrx_word' id='word_1_184' title='bbox 752 1790 819 1812; x_wconf 92' lang='lat' dir='ltr'>ara</span> <span class='ocrx_word' id='word_1_185' title='bbox 839 1778 1010 1813; x_wconf 80' lang='lat' dir='ltr'>tuebitur</span> <span class='ocrx_word' id='word_1_186' title='bbox 1028 1790 1170 1823; x_wconf 75' lang='lat' dir='ltr'>omnes,</span> 
     </span>
    </p>

    <p class='ocr_par' dir='ltr' id='par_1_27' title="bbox 142 1837 1051 1882">
     <span class='ocr_line' id='line_1_28' title="bbox 142 1837 1051 1882; baseline 0.004 -12"><span class='ocrx_word' id='word_1_187' title='bbox 142 1837 222 1871; x_wconf 79' lang='lat' dir='ltr'>Aut</span> <span class='ocrx_word' id='word_1_188' title='bbox 240 1839 400 1872; x_wconf 92' lang='lat' dir='ltr'>moriere</span> <span class='ocrx_word' id='word_1_189' title='bbox 419 1838 561 1872; x_wconf 58' lang='lat' dir='ltr'>simulff</span> <span class='ocrx_word' id='word_1_190' title='bbox 615 1839 676 1873; x_wconf 88' lang='lat' dir='ltr'>Sic</span> <span class='ocrx_word' id='word_1_191' title='bbox 695 1850 758 1873; x_wconf 87' lang='lat' dir='ltr'>ore</span> <span class='ocrx_word' id='word_1_192' title='bbox 775 1839 893 1873; x_wconf 81' lang='lat' dir='ltr'>effata</span> <span class='ocrx_word' id='word_1_193' title='bbox 910 1841 1051 1882; x_wconf 82' lang='lat' dir='ltr'>recepit</span> 
     </span>
    </p>

    <p class='ocr_par' dir='ltr' id='par_1_28' title="bbox 142 1897 1407 2005">
     <span class='ocr_line' id='line_1_29' title="bbox 142 1897 1407 1943; baseline 0.001 -11"><span class='ocrx_word' id='word_1_194' title='bbox 142 1897 205 1932; x_wconf 81' lang='lat' dir='ltr'>Ad</span> <span class='ocrx_word' id='word_1_195' title='bbox 223 1909 312 1943; x_wconf 83' lang='lat' dir='ltr'>sese,</span> <span class='ocrx_word' id='word_1_196' title='bbox 337 1902 375 1932; x_wconf 84' lang='lat' dir='ltr'>et</span> <span class='ocrx_word' id='word_1_197' title='bbox 393 1910 506 1933; x_wconf 87' lang='lat' dir='ltr'>sacra</span> <span class='ocrx_word' id='word_1_198' title='bbox 523 1898 757 1942; x_wconf 84' lang='lat' dir='ltr'>longaevum</span> <span class='ocrx_word' id='word_1_199' title='bbox 774 1901 816 1934; x_wconf 88' lang='lat' dir='ltr'>in</span> <span class='ocrx_word' id='word_1_200' title='bbox 834 1899 921 1935; x_wconf 85' lang='lat' dir='ltr'>sede</span> <span class='ocrx_word' id='word_1_201' title='bbox 939 1900 1094 1934; x_wconf 77' lang='lat' dir='ltr'>locavit.</span> <span class='ocrx_word' id='word_1_202' title='bbox 1335 1897 1407 1934; x_wconf 80' lang='lat'>525</span> 
     </span>
     <span class='ocr_line' id='line_1_30' title="bbox 191 1959 1142 2005; baseline 0.003 -12"><span class='ocrx_word' id='word_1_203' title='bbox 191 1959 291 1994; x_wconf 86' lang='lat' dir='ltr'>Ecce</span> <span class='ocrx_word' id='word_1_204' title='bbox 308 1964 438 1994; x_wconf 89' lang='lat' dir='ltr'>autem</span> <span class='ocrx_word' id='word_1_205' title='bbox 453 1959 608 2003; x_wconf 87' lang='lat' dir='ltr'>elapsus</span> <span class='ocrx_word' id='word_1_206' title='bbox 626 1961 771 2003; x_wconf 84' lang='lat' dir='ltr'>Pyrrhi</span> <span class='ocrx_word' id='word_1_207' title='bbox 790 1961 836 1996; x_wconf 87' lang='lat' dir='ltr'>de</span> <span class='ocrx_word' id='word_1_208' title='bbox 854 1960 967 1996; x_wconf 88' lang='lat' dir='ltr'>caede</span> <span class='ocrx_word' id='word_1_209' title='bbox 986 1961 1142 2005; x_wconf 74' lang='lat' dir='ltr'>Polites,</span> 
     </span>
    </p>

    <p class='ocr_par' dir='ltr' id='par_1_29' title="bbox 141 2019 1060 2066">
     <span class='ocr_line' id='line_1_31' title="bbox 141 2019 1060 2066; baseline 0.002 -11"><span class='ocrx_word' id='word_1_210' title='bbox 141 2019 256 2055; x_wconf 86' lang='lat' dir='ltr'>Unus</span> <span class='ocrx_word' id='word_1_211' title='bbox 273 2024 456 2055; x_wconf 86' lang='lat' dir='ltr'>natorum</span> <span class='ocrx_word' id='word_1_212' title='bbox 472 2019 631 2064; x_wconf 87' lang='lat' dir='ltr'>Priami,</span> <span class='ocrx_word' id='word_1_213' title='bbox 654 2033 719 2064; x_wconf 88' lang='lat' dir='ltr'>per</span> <span class='ocrx_word' id='word_1_214' title='bbox 736 2022 822 2066; x_wconf 84' lang='lat' dir='ltr'>tela⁷</span> <span class='ocrx_word' id='word_1_215' title='bbox 846 2034 912 2065; x_wconf 86' lang='lat' dir='ltr'>per</span> <span class='ocrx_word' id='word_1_216' title='bbox 930 2021 1060 2057; x_wconf 83' lang='lat' dir='ltr'>hostes</span> 
     </span>
    </p>

    <p class='ocr_par' dir='ltr' id='par_1_30' title="bbox 142 2080 1125 2125">
     <span class='ocr_line' id='line_1_32' title="bbox 142 2080 1125 2125; baseline 0.002 -9"><span class='ocrx_word' id='word_1_217' title='bbox 142 2080 362 2117; x_wconf 80' lang='lat' dir='ltr'>Porticibus</span> <span class='ocrx_word' id='word_1_218' title='bbox 379 2081 507 2125; x_wconf 86' lang='lat' dir='ltr'>longis</span> <span class='ocrx_word' id='word_1_219' title='bbox 526 2082 638 2125; x_wconf 68' lang='lat' dir='ltr'>fugit⁷</span> <span class='ocrx_word' id='word_1_220' title='bbox 662 2087 698 2117; x_wconf 90' lang='lat' dir='ltr'>et</span> <span class='ocrx_word' id='word_1_221' title='bbox 719 2094 843 2118; x_wconf 81' lang='lat' dir='ltr'>vacua</span> <span class='ocrx_word' id='word_1_222' title='bbox 862 2085 964 2117; x_wconf 87' lang='lat' dir='ltr'>atria</span> <span class='ocrx_word' id='word_1_223' title='bbox 982 2083 1125 2118; x_wconf 81' lang='lat' dir='ltr'>lustrat</span> 
     </span>
    </p>

    <p class='ocr_par' dir='ltr' id='par_1_31' title="bbox 143 2140 1176 2186">
     <span class='ocr_line' id='line_1_33' title="bbox 143 2140 1176 2186; baseline 0.002 -10"><span class='ocrx_word' id='word_1_224' title='bbox 143 2140 315 2178; x_wconf 83' lang='lat' dir='ltr'>Saucius.</span> <span class='ocrx_word' id='word_1_225' title='bbox 371 2142 486 2177; x_wconf 80' lang='lat' dir='ltr'>mum</span> <span class='ocrx_word' id='word_1_226' title='bbox 507 2142 646 2178; x_wconf 83' lang='lat' dir='ltr'>ardens</span> <span class='ocrx_word' id='word_1_227' title='bbox 664 2143 806 2178; x_wconf 63' lang='lat' dir='ltr'>iniesto</span> <span class='ocrx_word' id='word_1_228' title='bbox 824 2143 981 2178; x_wconf 81' lang='lat' dir='ltr'>vulnere</span> <span class='ocrx_word' id='word_1_229' title='bbox 998 2142 1176 2186; x_wconf 80' lang='lat' dir='ltr'>Pyrrhus</span> 
     </span>
    </p>
   </div>
  </div>
 </body>
</html>
