1684 2593
587 154 788 180 AENfflnos
813 154 890 182 Lm.
922 155 965 182 11.
1393 146 1416 182 3

149 242 210 277 Sic
229 243 347 287 fatus,
369 242 512 278 validis
530 244 725 286 ingentem
743 242 892 279 viribus
910 242 1068 279 hastam
1297 258 1305 271 ›
1369 242 1416 278 50

148 302 197 337 In
212 302 319 338 latus
337 305 451 348 inque
469 303 541 338 feri
558 316 722 339 curvam
738 303 990 348 compagibus
1008 304 1142 339 alvum

149 363 360 400 Contorsiss.
416 364 532 399 Stetit
548 364 618 400 ffla
634 368 814 410 tremens,
837 369 1020 408 uteroque
1037 376 1193 400 recusso

148 421 358 458 insonuere
374 434 495 458 cavae
510 424 772 468 gemitumque
789 421 924 458 dedere
940 434 1139 458 cavernae.

148 484 210 528 Et,
236 485 271 520 si
287 484 374 519 fata
391 484 525 529 Deum,
548 486 584 520 si
600 496 710 521 mens
727 496 807 519 non
823 483 937 519 laeva
955 484 1104 528 fuisset⁷

148 545 361 590 Impulerab
378 545 481 581 ferro
498 546 704 590 Argolicas
723 546 878 582 foedare
894 546 1064 582 latebras
1080 559 1088 593 3
1368 545 1415 580 55

147 608 337 653 Trojaque
353 621 457 644 nunc
475 613 608 654 stares,
631 609 854 653 Priamique
871 622 944 644 arx
962 609 1054 654 alta,
1078 605 1264 643 maneres.

198 669 309 713 Ecce,
329 682 470 706 manus
487 669 667 713 juvenem
684 671 831 705 interea
848 674 936 714 post]
954 674 1065 714 terga
1082 672 1301 705 revinctum

147 731 331 766 Pastores
348 743 492 773 magno
511 730 561 766 ad
578 743 706 774 regem
724 731 892 766 clamore
908 731 1118 766 trahebant]

148 788 405 834 Dardanidae,
429 791 495 833 qui
513 801 554 825 se
570 791 750 833 ignotum
768 789 1012 825 venientibus
1029 790 1145 834 ultro,

148 849 234 884 Hoc
252 851 381 893 ipsum
396 853 443 884 ub
460 854 626 885 strueres,
641 850 874 894 Trojamque
891 852 1056 894 aperiret
1074 850 1248 894 Achivis,
1369 849 1416 883 60

150 910 363 955 Obtulera‘c,
385 910 509 947 fidens
527 912 660 957 animi,
684 916 800 956 atque
817 912 859 946 in
876 901 1083 955 utrumque
1100 915 1273 956 paratus,

149 972 224 1008 Seu
241 984 397 1008 versare
414 971 532 1017 dolos,
557 984 625 1008 seu
642 977 769 1008 certae
787 972 1009 1008 occumbere
1026 974 1154 1008 morti.

149 1032 332 1077 Undique
347 1032 500 1069 visendi
517 1032 649 1069 studio
665 1033 836 1077 Trojana
854 1033 1040 1077 juventus

149 1093 397 1132 Circumfusa
413 1096 503 1140 ruit,
527 1098 751 1139 certantque
767 1093 926 1130 ffludere
943 1100 1066 1138 capto.

150 1157 292 1201 Accipe
307 1168 412 1192 nunc
429 1156 611 1192 Danaum
628 1155 802 1202 insidias,
825 1160 864 1192 et
881 1157 1042 1192 crimine
1059 1155 1108 1191 ab
1125 1167 1205 1191 uno
1373 1155 1421 1190 65

151 1220 264 1255 Disce
281 1230 426 1255 omnes.

150 1280 326 1324 Namque
341 1284 388 1315 ub
405 1287 612 1324 conspectu
629 1281 671 1315 in
688 1279 813 1315 medio
831 1279 1024 1324 turbatus,
1049 1280 1218 1323 inermis,

151 1340 351 1385 Constitit,
375 1345 490 1385 atque
507 1341 630 1377 oculis
648 1341 826 1384 Phrygia
844 1331 1004 1384 agmina
1021 1342 1294 1384 circumspexit
1311 1352 1320 1385 3
1359 1342 1366 1349 '

157 1400 275 1446 ‘Heu‚
293 1413 390 1445 quae
406 1414 511 1436 nunc
528 1402 672 1447 tellus‚⁷
690 1403 827 1446 inquit,
862 1403 980 1445 ‘quae
997 1413 1059 1436 me
1076 1412 1241 1445 aequora
1258 1405 1422 1444 possunt

152 1462 362 1506 Accipere?
389 1468 458 1497 aut
476 1461 569 1507 quid
586 1462 667 1506 jam
684 1464 824 1498 misero
841 1462 941 1497 mihi
958 1460 1120 1505 denique
1137 1465 1259 1496 restat
1272 1461 1289 1496 ἶ)
1375 1460 1421 1494 70

153 1523 227 1559 Cui
243 1535 365 1568 neque
382 1523 485 1567 apud
502 1524 661 1560 Danaos
676 1536 843 1568 usquam
859 1523 968 1558 locus
984 1535 991 1569 ;
1019 1527 1058 1558 eb
1077 1535 1190 1566 super
1208 1523 1282 1566 ipsi

153 1583 402 1619 Dardanidae
419 1585 563 1620 infensi
577 1596 722 1630 poenas
739 1596 829 1619 cum
847 1585 1038 1628 sanguine
1055 1583 1248 1628 poscunt.’

154 1644 240 1689 Quo
258 1647 406 1689 gemitu
423 1648 601 1682 conversi
617 1647 749 1691 animi,
774 1657 1016 1689 compressus
1033 1649 1072 1680 eb
1088 1646 1215 1680 omm's

154 1706 338 1750 Impetus.
395 1706 613 1742 Hortamur
630 1707 717 1751 fari⁷
741 1718 817 1751 quo
834 1708 1026 1750 sanguine
1041 1709 1182 1751 cretus,

156 1765 308 1809 Quidve
324 1767 424 1802 ferat
440 1779 448 1813 ;
476 1772 671 1812 memoret,
695 1779 793 1812 quae
810 1769 863 1803 sit
879 1766 1022 1802 fiducia
1039 1770 1164 1810 capto.
1378 1765 1424 1799 75

156 1827 228 1863 me
244 1827 351 1873 haec,
374 1828 550 1872 deposita
566 1828 726 1865 tandem
743 1827 959 1873 formidine,
983 1828 1090 1863 fatur
1105 1839 1113 1863 :

214 1887 387 1926 ‘Cuncta
403 1889 578 1934 equidem
595 1890 681 1934 tibi,
701 1902 779 1930 rex,
804 1890 921 1925 suerii:
939 1889 1212 1934 quodcumque,
1237 1887 1387 1923 fatebor

158 1950 290 1996 Vera,’
305 1952 433 1995 inquit-
448 1964 456 1987 :
491 1953 632 1996 ‘neque
647 1963 710 1987 me
726 1951 910 1995 Argolica
928 1950 975 1986 de
988 1955 1103 1994 gente
1119 1949 1279 1993 negabo.

158 2010 246 2046 Hoc
263 2013 431 2056 primum
446 2024 455 2048 :
483 2024 563 2057 nec⁷
587 2013 623 2048 si
638 2014 823 2048 miserum
840 2012 1000 2046 fortuna
1018 2012 1200 2046 Sinonem

160 2071 307 2115 Finxit,
330 2084 478 2107 vanum
494 2075 614 2108 etiam
630 2071 925 2115 mendacemque
942 2070 1117 2114 improba
1135 2070 1266 2114 finget.
1380 2068 1428 2109 80

161 2131 298 2175 Fando
316 2132 470 2179 aliquod
505 2134 541 2169 si
558 2133 658 2168 forte
673 2136 764 2168 tuas
782 2133 956 2177 pervenit
975 2131 1025 2167 ad
1043 2143 1155 2167 aures
