1684 2593
606 170 806 195 AENfflDos
832 170 909 196 Lm.
941 170 983 196 11.
1381 159 1427 195 19

166 259 299 294 Vitam
315 258 562 294 exhalantem
579 271 586 293 ε
617 257 734 293 subiit
753 257 903 292 deserta
921 257 1075 302 Creusa,

166 320 218 354 Et
237 319 385 363 direpta
404 319 551 361 domus,
574 324 610 354 et
629 320 741 362 parvi
759 331 872 354 casus
891 319 979 353 Iuli.

167 380 344 424 Respicio
363 385 410 425 et,
435 393 530 424 quae
550 382 599 415 sit
619 392 677 414 me
695 382 840 414 circum
858 382 977 423 copia,
1002 380 1136 415 lustro.

167 442 369 477 Deseruere
387 454 518 477 omnes
537 441 686 484 defessi,
708 449 744 476 et
764 453 922 484 corpora
942 441 1045 476 saltu
1356 441 1426 476 565

169 504 228 539 Ad
247 509 390 538 terram
410 505 553 547 misere,
580 508 646 537 aut
667 502 821 546 ignibus
841 515 956 546 aegra
975 502 1116 538 dedere.

216 564 242 600 J
247 576 381 608 amque
401 563 493 598 adeo
512 576 623 607 super
641 575 742 598 unus
760 575 875 605 eram,
900 575 988 597 cum
1006 563 1141 597 limina
1166 563 1300 599 Vestae

168 626 392 661 Servantem
410 633 445 660 et
466 627 629 659 tacitam
648 633 792 659 secreta
813 626 851 658 in
870 624 956 659 sede
974 625 1157 659 latentem

166 687 390 731 Tyndarida
410 689 575 730 aspicio:
606 686 700 721 dant
721 687 826 721 clara
846 686 1022 721 incendia
1040 686 1163 721 lucem

166 749 336 792 Erranti⁷
360 750 577 792 passimque
596 748 725 784 oculos
744 760 808 791 per
827 753 967 782 cuncta
986 748 1131 782 ferenti.
1357 737 1428 781 5ῗο

166 809 240 844 Illa
259 809 332 845 sibi
351 810 512 844 infestas
532 821 664 843 eversa
684 808 730 842 ob
750 809 941 851 Pergama
959 808 1124 843 Teucros

166 870 218 905 Et
236 882 378 914 poenas
398 871 576 904 Danaum
595 875 631 904 et
651 869 791 905 deserti
808 869 986 913 conjugis
1005 871 1084 905 iras

166 932 452 974 Praemetuens,
473 931 610 974 Trojae
626 936 663 966 et
683 933 831 974 patriae
849 933 1065 967 communis
1083 932 1238 975 Erinys,

165 993 379 1028 Abdiderat
398 1004 488 1035 sese,
514 1000 628 1036 atque
647 994 725 1027 aris
744 994 874 1027 invisa
892 991 1058 1028 sedebat.

166 1054 354 1090 Exarsere
374 1056 481 1097 ignes
500 1055 630 1088 animo
648 1066 655 1088 :
687 1053 790 1088 subit
810 1053 1086 1090 ira-cadentem
1357 1055 1429 1089 575

166 1115 312 1151 Ulcisci
330 1117 508 1158 patriam,
532 1120 569 1149 et
589 1114 796 1149 sceleratas
815 1127 963 1150 sumere
981 1128 1132 1159 poenas.

172 1176 341 1212 ‘Scilicet
362 1175 457 1210 haec
476 1176 656 1218 Spartam
675 1175 878 1210 incolumis
898 1177 1117 1219 patriasque
1136 1177 1320 1219 Mycenas

166 1238 346 1282 Aspiciet‚
372 1243 556 1281 partoque
575 1237 645 1271 ibit
664 1238 797 1280 regina
817 1237 1014 1280 triumpho
1026 1239 1042 1272 ἱ)

167 1298 482 1341 conjugiumque,
507 1297 745 1342 domumque,
770 1305 909 1341 patres,
932 1302 1120 1341 natosque
1139 1298 1293 1341 videbit,

166 1358 334 1393 Diadum
352 1358 466 1393 turba
485 1364 521 1392 et
541 1358 727 1401 Phrygiis
746 1360 933 1393 comitata
950 1360 1142 1394 ministris
1157 1359 1173 1393 ἶ)
1356 1359 1428 1394 580

167 1419 357 1456 Occiderit
377 1420 477 1454 ferro
495 1419 704 1454 Priamus?
755 1419 872 1462 Troja
891 1422 1029 1455 arserit
1048 1420 1159 1463 igni?

167 1479 409 1515 Dardanium
426 1481 568 1514 totiens
587 1478 737 1514 sudarit
756 1481 945 1522 sanguine
962 1479 1057 1515 litus
1072 1480 1088 1514 ⁴?

167 1542 254 1576 Non
272 1543 328 1575 ita
346 1553 353 1585 3
383 1552 547 1583 namque
563 1541 636 1575 etsi
654 1540 806 1574 nullum
824 1540 1069 1575 memorabile
1086 1553 1225 1577 nomen

166 1602 347 1637 Feminea
366 1603 406 1636 in
424 1613 545 1645 poena
562 1606 633 1644 est,
656 1613 724 1636 nec
744 1601 860 1636 habet
879 1604 1043 1636 victoria
1062 1602 1225 1647 laudem,

166 1663 413 1698 Exstinxisse
431 1662 541 1697 nefas
559 1667 700 1706 tamen,
723 1669 761 1696 et
780 1664 989 1706 sumpsisse
1006 1665 1188 1700 merentis
1356 1665 1427 1699 585

165 1724 380 1773 Laudabor⁵
390 1735 532 1767 poenas
550 1735 557 1768 ;
588 1725 834 1767 animumque
851 1723 1021 1767 explesse
1039 1723 1192 1767 juvabit

166 1786 330 1822 Ultricis
347 1784 539 1827 flammae,
561 1792 598 1820 et
617 1786 761 1820 cineres
779 1787 943 1821 satiasse
960 1787 1159 1821 meorum.’

214 1846 325 1881 Talia
344 1846 549 1890 jactabam,
573 1850 609 1881 et
629 1846 776 1881 furiata
795 1852 922 1882 mente
939 1846 1088 1882 ferebar
1105 1860 1112 1883 :

167 1908 265 1943 Cum
282 1907 380 1942 mihi
398 1919 449 1950 se,
471 1918 550 1941 non
569 1911 659 1942 ante
677 1907 798 1942 oculis
816 1912 899 1942 tam
917 1908 1033 1952 clara,
1057 1908 1266 1944 videndam

168 1968 329 2012 Obtulit,
350 1973 387 2004 et
406 1980 503 2012 pura
519 1980 586 2012 per
603 1973 756 2004 noctem
773 1970 815 2003 in
832 1968 916 2004 luce
933 1969 1087 2005 refulsit
1354 1971 1425 2006 590

168 2029 282 2064 Alma
300 2041 448 2073 parens,
474 2028 652 2064 confessa
670 2028 791 2075 deam,
815 2029 1014 2075 qualisque
1030 2029 1154 2065 videri

168 2090 365 2127 Caelicolis
383 2095 420 2125 et
438 2094 585 2134 quanta
604 2090 699 2125 solet
716 2102 725 2136 3
754 2089 964 2135 dextraque
981 2090 1213 2135 prehensum

168 2151 380 2195 continuit,
401 2162 581 2196 roseoque
599 2150 694 2187 haec
712 2153 867 2197 insuper
885 2151 1035 2188 addidit
1053 2163 1138 2188 ore:
