1684 2593
249 134 293 167 18
658 141 691 166 P.
724 141 829 165 VERG
836 141 846 165 1
853 140 889 165 111
918 139 1096 166 MARONIS

247 230 477 273 Insequitur,
503 228 582 271 jam
601 228 753 271 jamque
773 240 890 262 manu
909 232 1022 272 tenet,
1046 233 1084 264 et
1103 228 1242 272 premit
1261 227 1387 263 hasta.
1439 226 1511 262 530

247 292 303 327 Ut
323 290 478 325 tandem
498 296 588 324 ante
606 290 735 324 oculos
754 290 878 324 evasit
896 294 933 324 et
952 301 1019 324 ora
1038 293 1251 333 parentum,

247 352 435 396 Concidit,
460 364 504 387 ac
523 352 646 386 multo
666 353 788 386 vitam
807 363 894 386 cum
914 353 1102 395 sanguine
1121 351 1232 386 fudit.

247 414 320 447 Hit·
342 414 532 458 Priamus⁷
557 425 789 457 quamquam
810 415 848 447 in
868 412 992 447 media
1012 412 1091 456 jam
1109 417 1232 447 morte
1250 415 1410 457 tenetur,

247 476 334 509 Non
356 483 485 509 tamen
506 474 706 518 abstinuit⁷
731 486 799 509 nec
818 475 904 509 voci
922 475 1072 517 iraeque
1091 475 1266 517 pepercit.

1441 534 1462 568 Q!

253 538 324 571 ‘At
346 536 415 570 tibi
435 548 503 580 pro
523 537 685 571 scelere.’
704 536 906 579 exclamat,
935 539 944 554 ‘
958 547 1026 579 pro
1045 535 1188 570 talibus
1207 537 1323 579 ausis,

250 599 296 632 Di
315 598 364 644 (si
384 611 460 641 qua
478 604 535 632 est
556 598 660 632 caelo
680 599 811 641 pietas,
837 609 933 641 quae
953 597 1047 631 talia
1067 599 1187 642 curet)

249 658 477 693 Persolvant
499 664 628 701 grates
649 658 798 701 dignas,
822 662 859 692 et
879 659 1048 701 praemia
1068 656 1230 691 reddant

249 720 396 763 Debita7
422 721 487 763 qui
506 721 588 754 nati
609 731 739 754 coram
758 731 817 753 me
836 731 985 754 cernere
1004 719 1123 753 letum

248 782 401 825 Fecisti,
426 787 461 816 et
482 783 629 825 patrios
649 781 813 816 foedasti
834 781 965 816 funere
984 781 1126 815 vultus.

249 845 300 879 At
322 856 399 877 non
420 844 490 878 ille.
516 848 647 878 satum
666 855 738 886 quo
759 848 795 877 te
814 843 1000 886 mentiris,
1026 842 1198 877 Achilles
1443 840 1514 875 540

249 905 354 940 Talis
375 907 413 939 in
433 905 543 939 hoste
563 905 636 939 fuit
658 905 813 938 Priamo
830 917 836 948 ς
868 903 932 938 sed
951 903 1038 947 jura
1057 903 1243 947 fidemque

251 967 440 1010 Supplicis
459 966 624 1008 erubuit,
648 977 858 1008 corpusque
876 977 1071 1008 exsangue
1090 965 1262 1008 sepulcro

249 1028 434 1063 Reddidit,
453 1028 698 1071 Hectoreum,
721 1039 852 1071 meque
872 1029 909 1061 111
930 1039 1014 1061 mea
1032 1038 1150 1070 regna
1170 1027 1343 1061 remisit.'

252 1091 313 1124 Sic
334 1090 439 1124 fatus
459 1091 594 1133 senior,
619 1089 811 1132 telumque
830 1088 979 1123 imbelle
997 1089 1080 1123 sine
1097 1089 1176 1122 ictu

252 1151 423 1193 Conjecit
441 1164 447 1195 ;
478 1162 595 1185 rauco
614 1149 714 1194 quod
733 1151 910 1193 protinus
930 1161 1013 1184 aere
1032 1148 1236 1192 repulsum,
1440 1145 1516 1196 *545

251 1213 311 1246 Ex
340 1224 490 1247 summo
510 1212 619 1255 clipei
637 1213 868 1255 nequiquam
886 1210 1052 1245 umbone
1069 1209 1256 1253 pependit.

253 1273 325 1308 Cui
344 1273 520 1315 Pyrrhus
537 1285 543 1307 :
581 1272 756 1307 ‘Referes
775 1283 865 1314 ergo
884 1271 978 1306 haec
996 1276 1033 1306 et
1052 1272 1213 1306 nuntius
1232 1270 1305 1305 ibis

252 1335 406 1370 Pelidae
425 1336 589 1378 genitori
607 1347 613 1369 z
644 1334 701 1368 illi
720 1346 803 1368 mea
824 1335 953 1369 tristia
974 1319 1078 1367 fafcta

254 1397 555 1440 Degeneremque
575 1395 866 1439 Neoptolemum
885 1407 1044 1429 narrare
1062 1403 1263 1429 memento,

253 1458 365 1492 Nunc
383 1458 554 1492 morere.'
590 1457 675 1491 Hoc
694 1456 823 1491 dicens
842 1456 983 1491 altaria
1002 1455 1052 1490 ad
1070 1457 1154 1498 ipsa
1172 1458 1397 1490 trementem
1445 1453 1517 1488 550

252 1519 398 1562 Traxit⁷
424 1524 459 1553 et
481 1521 520 1552 in
539 1518 662 1552 multo
680 1518 898 1561 lapsantem
917 1518 1106 1560 sanguine
1124 1517 1231 1560 nati;

254 1579 523 1623 Implicuitque
542 1591 693 1613 comam
710 1578 832 1622 laeva,
857 1577 1065 1621 dextraque
1084 1588 1285 1612 coruscum

253 1640 406 1675 Extulit
428 1652 470 1674 ac
491 1640 602 1675 lateri
621 1639 757 1683 capulo
776 1643 888 1674 tenus
908 1637 1056 1673 abdidit
1074 1649 1213 1672 ensem.

254 1702 361 1737 Haec
380 1702 445 1736 fini
452 1714 469 1737 s
488 1702 645 1745 Priami⁷
671 1702 841 1735 fatorum
860 1701 923 1734 hic
941 1701 1068 1735 exitus
1088 1699 1198 1733 illum

257 1765 364 1799 Sorte
383 1764 486 1807 tulit,
508 1763 663 1806 Trojam
684 1765 879 1798 incensam
897 1768 934 1797 et
953 1762 1132 1805 prolapsa
1151 1761 1344 1796 videntem
1446 1771 1517 1794 000

255 1826 456 1868 Pergama⁷
481 1830 538 1859 tot
559 1824 751 1868 quondam
771 1824 921 1867 populis
940 1825 1126 1867 terrisque
1145 1822 1349 1866 superbum

254 1885 516 1929 Regnatorem
536 1887 674 1920 Asiae:
705 1885 803 1928 jacet
824 1887 959 1927 ingens
977 1884 1089 1918 litore
1107 1887 1279 1926 truncus,

255 1947 521 1990 Avulsumque
538 1948 681 1981 umeris
700 1950 825 1990 caput,
849 1950 886 1980 et
906 1947 987 1980 sine
1005 1946 1160 1979 nomine
1177 1956 1325 1987 corpus.

306 2009 357 2042 At
377 2020 437 2043 me
455 2012 539 2042 tum
558 2010 725 2051 primum
744 2019 882 2043 saevus
901 2008 1155 2041 circumstetit
1174 2005 1321 2040 horror.

257 2069 435 2112 Obstipui
451 2081 457 2103 ε
489 2068 606 2103 subiit
626 2070 706 2102 cari
724 2069 909 2111 genitoris
929 2069 1067 2111 imago,
1444 2063 1517 2100 560

257 2130 313 2167 Ut
332 2142 459 2174 regem
478 2141 713 2174 aequaevum
731 2128 875 2165 crudeli
892 2128 1050 2164 vulnere
1066 2127 1148 2163 vidi
