1684 2593
622 185 821 212 AENEIDOS
846 185 923 210 Lm.
955 185 997 212 11.
1403 174 1451 210 11

181 270 328 307 Sternit
346 270 472 316 agros,
497 273 636 307 sternit
655 279 743 307 sata
761 271 863 306 laeta
881 271 1069 315 boumque
1088 271 1247 315 labores,
1282 258 1291 271 ³

181 332 489 377 Praecipitesque
506 332 631 367 trahit
649 332 772 368 silvas
787 344 796 378 3
826 337 956 376 stupet
974 333 1121 367 inscius
1140 332 1221 366 alto

180 394 384 437 Accipiens
402 395 574 428 sonitum
592 394 680 428 saxi
697 392 743 428 de
759 395 904 428 vertice
920 396 1066 437 pastor.

179 453 279 489 Tum
295 466 387 490 vero
404 455 616 490 manifesta
631 454 738 500 fides,
762 454 1016 498 Danaumque
1033 458 1238 498 patescunt

180 514 360 551 Insidiae.
417 514 445 550 J
448 528 512 550 am
529 515 719 559 Deiphobi
736 514 841 551 dedit
861 515 991 559 ampla
1008 516 1175 549 ruinam.
1377 513 1450 548 310

181 575 357 611 Vulcano
375 581 590 621 superante,
614 575 775 612 domus:
805 576 887 620 jam
904 578 1105 621 proximus
1124 575 1231 610 ardet

181 635 381 680 Ucalegon
395 648 403 672 :
434 637 548 681 Sigea
565 638 648 681 igni
666 638 768 672 freta
785 637 869 672 lata
885 637 1069 672 relucent.

181 696 368 732 Exoritur
385 697 603 742 clamorque
621 700 751 733 virum
769 698 1001 742 clangorque
1018 698 1212 733 tubarum.

182 759 304 794 Arma
321 771 455 795 amens
473 761 592 803 capio,
617 771 686 794 nec
704 764 768 795 sat
785 761 952 794 rationis
969 761 1012 794 in
1030 761 1149 794 armis
1166 771 1173 804 3

182 819 254 855 Sed
272 820 485 864 glomerare
502 832 663 855 manum
680 820 789 865 bello,
813 825 851 856 et
870 814 1095 855 concurrere
1112 822 1153 854 in
1172 831 1298 854 arcem
1328 824 1331 826 '
1379 817 1452 852 315

182 880 281 916 Cum
298 883 414 916 sociis
432 880 569 916 ardent
588 882 720 917 animi.
776 881 903 916 Furor
921 883 1054 925 iraque
1070 889 1239 915 mentem

181 940 468 987 Praecipitant3
497 941 776 986 pulchrumque
793 943 893 976 mori
911 943 1101 977 succurrit
1121 942 1162 975 in
1181 943 1311 976 armis.
1359 960 1392 968 «-

231 1002 330 1037 Ecce
348 1007 479 1038 autem
495 1003 584 1038 telis
601 1003 783 1038 Panthus
801 1003 956 1046 elapsus
974 1002 1183 1046 Achivum,

181 1061 363 1099 Panthus
383 1063 614 1108 Othryades,
639 1066 740 1100 arcis
759 1063 980 1108 Phoebique
998 1063 1187 1107 sacerdos,

183 1123 301 1159 Sacra
319 1137 440 1159 manu
457 1126 657 1169 victosque
674 1125 774 1160 Deos
791 1136 1031 1168 parvumque
1048 1130 1225 1168 nepotem
1380 1123 1452 1157 :320

181 1183 270 1228 Ipse
286 1185 422 1230 trahit,
447 1197 636 1230 cursuque
655 1197 788 1221 amens
806 1184 856 1220 ad
874 1185 1012 1221 limina
1030 1185 1155 1220 tendit
1171 1197 1178 1220 :

187 1247 198 1263 ‘
210 1243 295 1287 Quo
312 1256 374 1280 res
391 1256 545 1280 summa
561 1245 656 1289 loco,
681 1245 843 1280 Panthu
857 1245 874 1281 i>
901 1258 1018 1289 quam
1035 1244 1259 1288 prendimus
1280 1246 1430 1278 arcem?
1444 1244 1451 1259 ’

182 1306 261 1343 Vix
276 1318 322 1342 ea
340 1307 448 1343 fatus
465 1319 582 1351 eram,
607 1310 755 1351 gemitu
778 1319 866 1342 cum
884 1308 981 1342 talia
999 1306 1122 1342 reddit
1141 1320 1148 1343 :

190 1368 327 1403 ‘Venit
345 1381 500 1404 summa
517 1368 598 1404 dies
616 1374 654 1404 et
672 1368 919 1403 ineluctabile
936 1373 1089 1411 tempus

184 1429 415 1465 Dardaniae.
472 1429 635 1464 Fuimus
653 1429 780 1473 Troes,
804 1429 880 1463 fuit
899 1428 1027 1472 Ilium,
1051 1433 1089 1463 et
1107 1429 1245 1471 ingens
1382 1427 1403 1460 3

185 1489 320 1525 Gloria
336 1490 581 1526 Teucrorum.
638 1489 760 1525 Ferus
779 1491 910 1524 omnia
928 1488 1083 1532 Jupiter
1101 1489 1230 1531 Argos

185 1550 414 1587 Transtulit.
471 1551 635 1587 Incensa
652 1551 781 1586 Danai
799 1550 1051 1585 dominantur
1069 1552 1111 1584 in
1128 1550 1232 1584 urbe.

187 1611 344 1648 Arduus
363 1618 536 1648 armatos
554 1612 691 1648 mediis
709 1613 751 1647 in
768 1611 970 1647 moenibus
992 1615 1127 1646 astans

187 1670 334 1710 Fundit
350 1687 481 1720 equus,
505 1677 705 1719 victorque
723 1675 844 1710 Sinon
861 1673 1040 1709 incendia
1058 1675 1194 1708 miscet

188 1735 402 1771 Insultans.
458 1735 591 1772 Portis
609 1736 678 1770 alii
694 1734 960 1779 bipatentibus
978 1734 1135 1777 adsunt,
1382 1733 1456 1768 330

188 1796 315 1831 Millia
332 1800 426 1841 quot
443 1798 599 1840 magnis
616 1809 803 1840 umquam
823 1808 960 1831 venere
977 1795 1163 1838 Mycenis.

176 1856 378 1903 ,obsedere
395 1857 465 1891 alii
481 1857 570 1893 telis
589 1862 758 1900 angusta
775 1858 931 1891 viarum

191 1916 367 1960 Oppositi
382 1929 391 1962 ;
421 1922 502 1952 stat
520 1917 612 1952 ferri
631 1918 733 1952 acies
750 1929 933 1952 mucrone
949 1912 1118 1951 coruscov

191 1977 345 2020 Stricta,
370 1983 510 2021 parata
527 1980 612 2013 neci
627 1990 635 2013 :
663 1979 733 2013 vix
750 1979 866 2021 primi
882 1977 1027 2021 proelia
1046 1983 1200 2011 tentant

170 2047 175 2053 ·
191 2038 402 2073 Portarum
418 2039 567 2083 vigiles,
590 2043 629 2074 et
646 2050 760 2074 caeco
777 2038 904 2073 Marte
920 2039 1134 2074 resistunt.'
1387 2036 1457 2070 335

190 2099 352 2135 Talibus
371 2095 598 2143 Othryadae
615 2099 740 2143 dictis⁷
764 2105 802 2135 et
820 2102 978 2135 numine
996 2100 1140 2134 Divum

189 2161 239 2197 In
255 2159 435 2196 flammas
452 2168 489 2196 et
509 2164 549 2196 in
568 2174 676 2197 arma
695 2163 806 2207 feror,
829 2175 904 2207 quo
921 2166 1048 2200 tristis
1066 2165 1221 2206 Erinys,

1409 1427 1429 1461 Ν)

1433 1426 1455 1460 ωε
