1684 2593
604 182 804 208 AENEIDOS
829 183 905 209 LIB.
939 184 979 209 11.

213 268 370 306 Primus
389 282 438 314 se,
463 269 644 305 Danaum
662 282 806 314 magna
825 272 1035 307 comitante
1053 279 1219 316 caterva,

175 330 390 375 Androgeos
408 331 520 366 offert
538 331 659 376 nobis,
683 334 788 367 socia
807 334 965 376 agmina
984 333 1140 368 credens

167 391 328 437 Inscius,
352 398 468 437 atque
483 391 589 427 ultro
605 392 734 428 verbis
751 393 957 437 compellat
976 395 1111 428 amicis
1129 406 1135 428 :

169 452 399 498 ‘Festinate‚
422 454 523 499 viri;
551 465 646 488 nam
662 465 760 497 quae
777 458 861 488 tam
878 466 964 489 sera
981 461 1156 489 moratur

164 515 354 558 Segnities
366 515 383 550 ἱ)
419 514 502 550 Alii
517 516 677 559 rapiunt
695 516 853 551 incensa
871 515 1075 560 feruntque

163 576 355 620 Pergama
370 589 378 612 :
407 588 480 612 vos
497 576 611 613 celsis
627 589 731 612 nunc
748 579 918 621 primum
936 590 960 613 a
977 577 1144 614 navibus
1163 580 1229 614 itis
1242 579 1279 613 5³³

162 638 272 673 Dixit
286 650 295 674 :
323 642 363 674 et
379 638 572 682 extemplo
592 640 728 685 (neque
744 640 848 674 enim
864 651 1051 683 responsa
1069 639 1264 674 dabantur

161 698 262 735 Fida
279 697 395 747 satis)
412 701 535 734 sensit
552 699 699 735 medios
717 698 898 744 delapsus
916 701 958 735 in
976 700 1118 736 hostes.
1245 712 1280 752 „s
1291 718 1300 729 τ
1319 744 1326 747 ‚

736 746 889 757 ae-vv--f

163 760 372 805 Obstipuit,
394 769 571 804 retroque
586 760 720 805 pedem
737 773 827 796 cum
843 773 938 797 voce
954 764 1145 805 repressit.

162 823 424 867 Improvisum
441 823 568 866 aspris
584 821 707 858 veluti
725 824 791 867 qui
808 823 983 859 sentibus
1002 835 1168 867 anguem

163 883 312 920 Pressit
328 883 440 918 humi
456 885 596 928 nitens,
618 884 866 928 trepidusque
881 890 1036 929 repente
1051 885 1195 928 refugit

163 945 418 980 Attollentem
435 946 525 988 iras,
548 949 587 980 et
601 945 755 980 caerula
773 945 873 980 colla
890 949 1102 980 tumentem
1119 958 1127 990 ;

164 1004 284 1040 Haud
301 1017 412 1041 secus
429 1004 658 1048 Androgeos
675 1007 766 1040 visu
782 1006 1033 1040 tremefactus
1052 1005 1195 1041 abibat.

163 1066 363 1111 hruimus,
387 1065 517 1101 densis
533 1070 572 1101 et
589 1066 937 1101 circumfundimur
955 1069 1074 1116 armis
1089 1079 1097 1112 ;

162 1127 402 1172 Ignarosque
418 1126 494 1161 loci
510 1128 659 1171 passim
675 1132 713 1162 et
731 1127 937 1162 formidine
954 1137 1088 1171 captos

164 1189 378 1224 Sternimus
392 1200 401 1234 ;
430 1190 579 1232 aspirat
596 1190 721 1232 primo
739 1189 898 1224 fortuna
915 1189 1048 1224 labori.

169 1250 290 1294 Atque
307 1249 372 1284 hio
390 1261 571 1285 successu
592 1248 794 1284 exsultans
814 1249 1029 1292 animisque
1047 1246 1240 1283 Coroebus
1255 1259 1263 1283 z

169 1313 179 1330 ‘
191 1311 222 1347 Ο
241 1313 345 1356 socii,
369 1323 445 1355 qua
463 1311 618 1355 prima‚’
634 1311 772 1354 inquit,
803 1310 982 1344 ‘fortuna
1001 1310 1141 1346 salutis

163 1372 359 1408 Monstrat
376 1374 459 1417 iter,
482 1383 632 1416 quaque
647 1370 816 1406 ostendit
834 1383 875 1407 se
892 1371 1038 1423 derxtra,
1062 1384 1276 1416 sequamur.

163 1432 358 1468 Mutemus
376 1433 528 1477 clipeos,
552 1431 806 1475 Danaumque
823 1433 995 1475 insignia
1012 1431 1125 1467 nobis

163 1494 352 1538 Aptemus
366 1506 374 1529 ε
404 1493 517 1528 dolus
534 1505 588 1528 an
604 1495 743 1537 virtus,
767 1494 854 1537 quis
871 1494 913 1527 in
930 1492 1043 1528 hoste
1059 1495 1229 1536 requirat
1244 1494 1260 1528 ¹?

164 1555 288 1591 Arma
305 1554 454 1590 dabunt
472 1554 576 1598 ipsi.’
627 1554 690 1590 Sic
707 1554 826 1599 fatus,
850 1553 986 1589 deinde
1003 1560 1220 1589 comantem

163 1615 361 1660 Androgei
378 1615 530 1660 galeam
547 1614 731 1659 clipeique
748 1616 900 1658 insigne
916 1614 1096 1649 decorum

163 1676 355 1722 Induitur‚
378 1676 566 1720 laterique
581 1676 777 1720 Argivum
794 1675 1060 1711 accommodat
1079 1688 1217 1711 ensem.

162 1737 250 1773 Hoc
266 1736 453 1783 Rhipeus,
476 1736 551 1772 hoc
568 1738 650 1781 ipse
665 1736 826 1782 Dymas,
849 1739 1049 1780 omnisque
1052 1736 1249 1788 juventus

163 1800 286 1835 Laeta
302 1800 399 1835 facit
414 1811 422 1834 ε
452 1799 587 1843 spoliis
604 1810 645 1834 se
661 1800 822 1843 quisque
837 1798 1054 1834 recentibus
1071 1807 1210 1833 armat.

167 1860 354 1896 Vadimus
371 1861 543 1895 immixti
559 1859 719 1904 Danais,
742 1858 850 1894 haud
866 1861 1026 1894 numine
1041 1867 1176 1894 nostro
1193 1871 1201 1905 3

163 1921 364 1966 Multaque
380 1933 447 1966 per
463 1932 620 1956 caecam
635 1922 833 1964 congressi
849 1921 994 1964 proelia
1010 1926 1164 1956 noctem

163 1984 422 2028 conserimus,
444 1982 591 2018 multos
607 1982 789 2017 Danaum
806 1982 1046 2018 demittimus
1065 1982 1174 2018 Orco.

163 2044 384 2089 Diffugiunt
401 2044 471 2080 ah'i
487 2042 539 2079 ad
554 2055 685 2088 naves,
708 2049 747 2079 et
764 2044 880 2079 litora
898 2056 1014 2079 cursu

163 2105 263 2142 Fida
280 2109 416 2151 petunt
431 2118 440 2142 ε
468 2118 560 2150 pars
578 2107 771 2149 ingentem
790 2105 994 2141 formidine
1012 2107 1118 2150 turpi

165 2167 365 2209 Scandunt
382 2180 518 2208 rursus
536 2179 684 2211 equum,
708 2171 745 2201 et
764 2172 858 2216 nota
876 2167 1095 2205 conduntur
1114 2169 1156 2205 in
1173 2167 1273 2206 alvo.

1385 175 1430 210 13

1359 272 1430 306 370

1356 1190 1429 1224 385

1355 1494 1428 1528 390

1356 1798 1428 1833 395

1355 2105 1429 2140 400
