<?xml version="1.0" encoding="UTF-8"?>
<!DOCTYPE html PUBLIC "-//W3C//DTD XHTML 1.0 Transitional//EN"
    "http://www.w3.org/TR/xhtml1/DTD/xhtml1-transitional.dtd">
<html xmlns="http://www.w3.org/1999/xhtml" xml:lang="en" lang="en">
 <head>
  <title>
</title>
<meta http-equiv="Content-Type" content="text/html;charset=utf-8" />
  <meta name='ocr-system' content='tesseract 3.04.00' />
  <meta name='ocr-capabilities' content='ocr_page ocr_carea ocr_par ocr_line ocrx_word'/>
</head>
<body>
  <div class='ocr_page' id='page_1' title='image "aeneidbookvirgil02virguoft_0053.png"; bbox 0 0 1684 2593; ppageno 0'>
   <div class='ocr_carea' id='block_1_1' title="bbox 544 163 920 191">
    <p class='ocr_par' dir='ltr' id='par_1_1' title="bbox 544 163 920 191">
     <span class='ocr_line' id='line_1_1' title="bbox 544 163 920 191; baseline 0.005 -3"><span class='ocrx_word' id='word_1_1' title='bbox 544 163 743 189; x_wconf 74' lang='lat' dir='ltr'>AENEIDOS</span> <span class='ocrx_word' id='word_1_2' title='bbox 769 164 845 189; x_wconf 86' lang='lat' dir='ltr'>LIB.</span> <span class='ocrx_word' id='word_1_3' title='bbox 878 164 920 191; x_wconf 78' lang='lat'>11.</span> 
     </span>
    </p>
   </div>
   <div class='ocr_carea' id='block_1_2' title="bbox 104 250 1239 2194">
    <p class='ocr_par' dir='ltr' id='par_1_2' title="bbox 104 250 1239 2194">
     <span class='ocr_line' id='line_1_2' title="bbox 104 250 1120 296; baseline -0.001 -9"><span class='ocrx_word' id='word_1_4' title='bbox 104 251 161 288; x_wconf 88' lang='lat' dir='ltr'>Ut</span> <span class='ocrx_word' id='word_1_5' title='bbox 178 250 364 295; x_wconf 79' lang='lat' dir='ltr'><strong>caderem,</strong></span> <span class='ocrx_word' id='word_1_6' title='bbox 386 251 572 287; x_wconf 87' lang='lat' dir='ltr'>meruisse</span> <span class='ocrx_word' id='word_1_7' title='bbox 587 263 717 286; x_wconf 88' lang='lat' dir='ltr'>manu.</span> <span class='ocrx_word' id='word_1_8' title='bbox 775 250 1003 286; x_wconf 81' lang='lat' dir='ltr'>Divellimur</span> <span class='ocrx_word' id='word_1_9' title='bbox 1022 250 1120 296; x_wconf 86' lang='lat' dir='ltr'>inde,</span> 
     </span>
     <span class='ocr_line' id='line_1_3' title="bbox 105 311 1112 357; baseline -0.001 -9"><span class='ocrx_word' id='word_1_10' title='bbox 105 311 260 357; x_wconf 75' lang='lat' dir='ltr'><strong>Iphitus</strong></span> <span class='ocrx_word' id='word_1_11' title='bbox 276 316 314 348; x_wconf 92' lang='lat' dir='ltr'>et</span> <span class='ocrx_word' id='word_1_12' title='bbox 332 312 460 348; x_wconf 80' lang='lat' dir='ltr'><strong>Pelias</strong></span> <span class='ocrx_word' id='word_1_13' title='bbox 478 324 637 357; x_wconf 88' lang='lat' dir='ltr'>mecum,</span> <span class='ocrx_word' id='word_1_14' title='bbox 662 324 825 356; x_wconf 86' lang='lat' dir='ltr'>quorum</span> <span class='ocrx_word' id='word_1_15' title='bbox 843 312 997 356; x_wconf 77' lang='lat' dir='ltr'><strong>Iphitus</strong></span> <span class='ocrx_word' id='word_1_16' title='bbox 1017 324 1112 348; x_wconf 83' lang='lat' dir='ltr'>aevo</span> 
     </span>
     <span class='ocr_line' id='line_1_4' title="bbox 105 373 1056 419; baseline -0.002 -9"><span class='ocrx_word' id='word_1_17' title='bbox 105 373 131 410; x_wconf 87' lang='lat' dir='ltr'><strong>J</strong></span> <span class='ocrx_word' id='word_1_18' title='bbox 135 387 199 410; x_wconf 87' lang='lat' dir='ltr'>am</span> <span class='ocrx_word' id='word_1_19' title='bbox 215 375 382 419; x_wconf 82' lang='lat' dir='ltr'>gravior,</span> <span class='ocrx_word' id='word_1_20' title='bbox 406 373 536 409; x_wconf 83' lang='lat' dir='ltr'>Pelias</span> <span class='ocrx_word' id='word_1_21' title='bbox 551 377 590 409; x_wconf 89' lang='lat' dir='ltr'>et</span> <span class='ocrx_word' id='word_1_22' title='bbox 607 373 765 409; x_wconf 84' lang='lat' dir='ltr'>vulnere</span> <span class='ocrx_word' id='word_1_23' title='bbox 781 373 918 410; x_wconf 90' lang='lat' dir='ltr'>tardus</span> <span class='ocrx_word' id='word_1_24' title='bbox 936 374 1056 419; x_wconf 80' lang='lat' dir='ltr'>Ulixi,</span> 
     </span>
     <span class='ocr_line' id='line_1_5' title="bbox 105 433 991 470; baseline 0 0"><span class='ocrx_word' id='word_1_25' title='bbox 105 434 291 470; x_wconf 73' lang='lat' dir='ltr'><strong>Protinus</strong></span> <span class='ocrx_word' id='word_1_26' title='bbox 309 433 360 469; x_wconf 89' lang='lat' dir='ltr'>ad</span> <span class='ocrx_word' id='word_1_27' title='bbox 378 433 484 470; x_wconf 88' lang='lat' dir='ltr'>sedes</span> <span class='ocrx_word' id='word_1_28' title='bbox 502 434 651 469; x_wconf 80' lang='lat' dir='ltr'>Priami</span> <span class='ocrx_word' id='word_1_29' title='bbox 668 434 835 469; x_wconf 85' lang='lat' dir='ltr'>clamore</span> <span class='ocrx_word' id='word_1_30' title='bbox 851 436 991 470; x_wconf 74' lang='lat' dir='ltr'>vocati.</span> 
     </span>
     <span class='ocr_line' id='line_1_6' title="bbox 154 495 1198 539; baseline -0.001 -9"><span class='ocrx_word' id='word_1_31' title='bbox 154 495 231 530; x_wconf 90' lang='lat' dir='ltr'>Hic</span> <span class='ocrx_word' id='word_1_32' title='bbox 248 506 340 531; x_wconf 87' lang='lat' dir='ltr'>vero</span> <span class='ocrx_word' id='word_1_33' title='bbox 357 496 553 539; x_wconf 88' lang='lat' dir='ltr'>ingentem</span> <span class='ocrx_word' id='word_1_34' title='bbox 569 507 751 539; x_wconf 82' lang='lat' dir='ltr'>pugnam,</span> <span class='ocrx_word' id='word_1_35' title='bbox 776 506 844 530; x_wconf 90' lang='lat' dir='ltr'>ceu</span> <span class='ocrx_word' id='word_1_36' title='bbox 863 500 986 530; x_wconf 86' lang='lat' dir='ltr'>cetera</span> <span class='ocrx_word' id='word_1_37' title='bbox 1005 506 1198 538; x_wconf 76' lang='lat' dir='ltr'>nusquam</span> 
     </span>
     <span class='ocr_line' id='line_1_7' title="bbox 106 556 1046 601; baseline -0.001 -10"><span class='ocrx_word' id='word_1_38' title='bbox 106 557 214 592; x_wconf 85' lang='lat' dir='ltr'>Bella</span> <span class='ocrx_word' id='word_1_39' title='bbox 232 557 368 601; x_wconf 82' lang='lat' dir='ltr'>forent,</span> <span class='ocrx_word' id='word_1_40' title='bbox 392 556 492 591; x_wconf 87' lang='lat' dir='ltr'>nulli</span> <span class='ocrx_word' id='word_1_41' title='bbox 509 562 593 591; x_wconf 89' lang='lat' dir='ltr'>tota</span> <span class='ocrx_word' id='word_1_42' title='bbox 610 562 850 592; x_wconf 79' lang='lat' dir='ltr'>morerentur</span> <span class='ocrx_word' id='word_1_43' title='bbox 868 558 910 591; x_wconf 91' lang='lat' dir='ltr'>in</span> <span class='ocrx_word' id='word_1_44' title='bbox 928 556 1021 591; x_wconf 85' lang='lat' dir='ltr'>urbe</span> <span class='ocrx_word' id='word_1_45' title='bbox 1041 564 1046 601; x_wconf 62' lang='grc' dir='ltr'>ᾗ</span> 
     </span>
     <span class='ocr_line' id='line_1_8' title="bbox 107 617 1209 660; baseline -0.001 -8"><span class='ocrx_word' id='word_1_46' title='bbox 107 618 168 653; x_wconf 89' lang='lat' dir='ltr'>Sic</span> <span class='ocrx_word' id='word_1_47' title='bbox 186 617 353 652; x_wconf 85' lang='lat' dir='ltr'>Martem</span> <span class='ocrx_word' id='word_1_48' title='bbox 370 617 602 652; x_wconf 87' lang='lat' dir='ltr'>indomitum</span> <span class='ocrx_word' id='word_1_49' title='bbox 620 617 849 660; x_wconf 82' lang='lat' dir='ltr'>Danaosque</span> <span class='ocrx_word' id='word_1_50' title='bbox 867 617 916 652; x_wconf 90' lang='lat' dir='ltr'>ad</span> <span class='ocrx_word' id='word_1_51' title='bbox 934 622 1037 652; x_wconf 79' lang='lat' dir='ltr'>tecta</span> <span class='ocrx_word' id='word_1_52' title='bbox 1056 622 1209 652; x_wconf 85' lang='lat' dir='ltr'>ruentes</span> 
     </span>
     <span class='ocr_line' id='line_1_9' title="bbox 107 677 1078 722; baseline -0.002 -9"><span class='ocrx_word' id='word_1_53' title='bbox 107 678 319 722; x_wconf 83' lang='lat' dir='ltr'>Cernimus,</span> <span class='ocrx_word' id='word_1_54' title='bbox 343 677 614 722; x_wconf 86' lang='lat' dir='ltr'>obsessumque</span> <span class='ocrx_word' id='word_1_55' title='bbox 632 683 721 712; x_wconf 83' lang='lat' dir='ltr'>acta</span> <span class='ocrx_word' id='word_1_56' title='bbox 738 677 933 712; x_wconf 88' lang='lat' dir='ltr'>testudine</span> <span class='ocrx_word' id='word_1_57' title='bbox 950 677 1078 712; x_wconf 88' lang='lat' dir='ltr'>limen.</span> 
     </span>
     <span class='ocr_line' id='line_1_10' title="bbox 107 738 1098 783; baseline 0 -9"><span class='ocrx_word' id='word_1_58' title='bbox 107 739 278 775; x_wconf 90' lang='lat' dir='ltr'>Haerent</span> <span class='ocrx_word' id='word_1_59' title='bbox 294 738 507 783; x_wconf 87' lang='lat' dir='ltr'>parietibus</span> <span class='ocrx_word' id='word_1_60' title='bbox 525 739 661 783; x_wconf 75' lang='lat' dir='ltr'>scalae,</span> <span class='ocrx_word' id='word_1_61' title='bbox 685 746 887 782; x_wconf 85' lang='lat' dir='ltr'>postesque</span> <span class='ocrx_word' id='word_1_62' title='bbox 905 738 976 774; x_wconf 91' lang='lat' dir='ltr'>sub</span> <span class='ocrx_word' id='word_1_63' title='bbox 996 741 1098 782; x_wconf 85' lang='lat' dir='ltr'>ipsos</span> 
     </span>
     <span class='ocr_line' id='line_1_11' title="bbox 107 800 1102 846; baseline -0.002 -10"><span class='ocrx_word' id='word_1_64' title='bbox 107 801 296 837; x_wconf 87' lang='lat' dir='ltr'>Nituntur</span> <span class='ocrx_word' id='word_1_65' title='bbox 313 800 509 846; x_wconf 83' lang='lat' dir='ltr'>gradibus,</span> <span class='ocrx_word' id='word_1_66' title='bbox 533 801 747 845; x_wconf 81' lang='lat' dir='ltr'>clipeosque</span> <span class='ocrx_word' id='word_1_67' title='bbox 765 800 814 835; x_wconf 91' lang='lat' dir='ltr'>ad</span> <span class='ocrx_word' id='word_1_68' title='bbox 833 800 910 835; x_wconf 87' lang='lat' dir='ltr'>tela</span> <span class='ocrx_word' id='word_1_69' title='bbox 929 802 1102 836; x_wconf 80' lang='lat' dir='ltr'>sinistris</span> 
     </span>
     <span class='ocr_line' id='line_1_12' title="bbox 107 862 1079 908; baseline -0.001 -10"><span class='ocrx_word' id='word_1_70' title='bbox 107 864 279 898; x_wconf 85' lang='lat' dir='ltr'>Protecti</span> <span class='ocrx_word' id='word_1_71' title='bbox 295 862 481 906; x_wconf 86' lang='lat' dir='ltr'>objiciunt</span> <span class='ocrx_word' id='word_1_72' title='bbox 498 875 506 908; x_wconf 79' lang='lat'><em>3</em></span> <span class='ocrx_word' id='word_1_73' title='bbox 536 869 720 906; x_wconf 86' lang='lat' dir='ltr'>prensant</span> <span class='ocrx_word' id='word_1_74' title='bbox 740 863 901 905; x_wconf 79' lang='lat' dir='ltr'>fastigia</span> <span class='ocrx_word' id='word_1_75' title='bbox 921 862 1079 897; x_wconf 83' lang='lat' dir='ltr'>dextris.</span> 
     </span>
     <span class='ocr_line' id='line_1_13' title="bbox 108 923 1056 960; baseline -0.002 -1"><span class='ocrx_word' id='word_1_76' title='bbox 108 923 355 960; x_wconf 82' lang='lat' dir='ltr'>Dardanidae</span> <span class='ocrx_word' id='word_1_77' title='bbox 372 929 507 959; x_wconf 81' lang='lat' dir='ltr'>contra</span> <span class='ocrx_word' id='word_1_78' title='bbox 525 928 651 959; x_wconf 87' lang='lat' dir='ltr'>turres</span> <span class='ocrx_word' id='word_1_79' title='bbox 671 935 715 958; x_wconf 88' lang='lat' dir='ltr'>ac</span> <span class='ocrx_word' id='word_1_80' title='bbox 733 929 836 958; x_wconf 84' lang='lat' dir='ltr'>tecta</span> <span class='ocrx_word' id='word_1_81' title='bbox 855 923 1056 958; x_wconf 87' lang='lat' dir='ltr'>domorum</span> 
     </span>
     <span class='ocr_line' id='line_1_14' title="bbox 109 985 1239 1031; baseline -0.003 -9"><span class='ocrx_word' id='word_1_82' title='bbox 109 987 290 1023; x_wconf 81' lang='lat' dir='ltr'>culmina</span> <span class='ocrx_word' id='word_1_83' title='bbox 307 987 527 1022; x_wconf 79' lang='lat' dir='ltr'>convellunt</span> <span class='ocrx_word' id='word_1_84' title='bbox 544 999 551 1021; x_wconf 92' lang='lat'>:</span> <span class='ocrx_word' id='word_1_85' title='bbox 581 986 644 1022; x_wconf 88' lang='lat' dir='ltr'>his</span> <span class='ocrx_word' id='word_1_86' title='bbox 663 998 711 1031; x_wconf 89' lang='lat' dir='ltr'>se,</span> <span class='ocrx_word' id='word_1_87' title='bbox 736 985 890 1030; x_wconf 86' lang='lat' dir='ltr'>quando</span> <span class='ocrx_word' id='word_1_88' title='bbox 908 986 1047 1020; x_wconf 86' lang='lat' dir='ltr'>ultima</span> <span class='ocrx_word' id='word_1_89' title='bbox 1067 991 1239 1029; x_wconf 81' lang='lat' dir='ltr'>cernunt,</span> 
     </span>
     <span class='ocr_line' id='line_1_15' title="bbox 109 1046 1096 1091; baseline -0.003 -8"><span class='ocrx_word' id='word_1_90' title='bbox 109 1049 295 1083; x_wconf 85' lang='lat' dir='ltr'>Extrema</span> <span class='ocrx_word' id='word_1_91' title='bbox 311 1047 393 1091; x_wconf 79' lang='lat' dir='ltr'>jam</span> <span class='ocrx_word' id='word_1_92' title='bbox 410 1049 452 1082; x_wconf 87' lang='lat' dir='ltr'>in</span> <span class='ocrx_word' id='word_1_93' title='bbox 469 1052 591 1083; x_wconf 82' lang='lat' dir='ltr'>morte</span> <span class='ocrx_word' id='word_1_94' title='bbox 608 1054 750 1091; x_wconf 90' lang='lat' dir='ltr'>parant</span> <span class='ocrx_word' id='word_1_95' title='bbox 769 1046 968 1082; x_wconf 87' lang='lat' dir='ltr'>defendere</span> <span class='ocrx_word' id='word_1_96' title='bbox 986 1047 1073 1081; x_wconf 85' lang='lat' dir='ltr'>telis</span> <span class='ocrx_word' id='word_1_97' title='bbox 1090 1059 1096 1091; x_wconf 78' lang='lat'><em>3</em></span> 
     </span>
     <span class='ocr_line' id='line_1_16' title="bbox 109 1108 1193 1154; baseline -0.002 -10"><span class='ocrx_word' id='word_1_98' title='bbox 109 1110 354 1153; x_wconf 84' lang='lat' dir='ltr'>Auratasque</span> <span class='ocrx_word' id='word_1_99' title='bbox 370 1109 510 1154; x_wconf 86' lang='lat' dir='ltr'>trabes,</span> <span class='ocrx_word' id='word_1_100' title='bbox 533 1114 706 1144; x_wconf 75' lang='lat' dir='ltr'>veterum</span> <span class='ocrx_word' id='word_1_101' title='bbox 724 1108 860 1144; x_wconf 86' lang='lat' dir='ltr'>decora</span> <span class='ocrx_word' id='word_1_102' title='bbox 879 1109 959 1143; x_wconf 88' lang='lat' dir='ltr'>alta</span> <span class='ocrx_word' id='word_1_103' title='bbox 978 1112 1193 1151; x_wconf 66' lang='lat' dir='ltr'>parentium</span> 
     </span>
     <span class='ocr_line' id='line_1_17' title="bbox 110 1169 1001 1206; baseline -0.002 0"><span class='ocrx_word' id='word_1_104' title='bbox 110 1171 329 1206; x_wconf 74' lang='lat' dir='ltr'>Devolvunt</span> <span class='ocrx_word' id='word_1_105' title='bbox 345 1183 353 1206; x_wconf 92' lang='lat'>:</span> <span class='ocrx_word' id='word_1_106' title='bbox 383 1171 451 1206; x_wconf 90' lang='lat' dir='ltr'>alii</span> <span class='ocrx_word' id='word_1_107' title='bbox 469 1172 617 1206; x_wconf 86' lang='lat' dir='ltr'>strictis</span> <span class='ocrx_word' id='word_1_108' title='bbox 636 1169 884 1205; x_wconf 80' lang='lat' dir='ltr'>mucronibus</span> <span class='ocrx_word' id='word_1_109' title='bbox 902 1171 1001 1205; x_wconf 85' lang='lat' dir='ltr'>imas</span> 
     </span>
     <span class='ocr_line' id='line_1_18' title="bbox 111 1230 1040 1277; baseline -0.002 -10"><span class='ocrx_word' id='word_1_110' title='bbox 111 1231 298 1268; x_wconf 90' lang='lat' dir='ltr'>Obsedere</span> <span class='ocrx_word' id='word_1_111' title='bbox 315 1232 415 1267; x_wconf 84' lang='lat' dir='ltr'>fores</span> <span class='ocrx_word' id='word_1_112' title='bbox 431 1243 439 1277; x_wconf 88' lang='lat'>;</span> <span class='ocrx_word' id='word_1_113' title='bbox 467 1231 542 1267; x_wconf 88' lang='lat' dir='ltr'>has</span> <span class='ocrx_word' id='word_1_114' title='bbox 561 1236 720 1267; x_wconf 88' lang='lat' dir='ltr'>servant</span> <span class='ocrx_word' id='word_1_115' title='bbox 739 1233 892 1274; x_wconf 82' lang='lat' dir='ltr'>agmine</span> <span class='ocrx_word' id='word_1_116' title='bbox 911 1230 1040 1265; x_wconf 87' lang='lat' dir='ltr'>denso.</span> 
     </span>
     <span class='ocr_line' id='line_1_19' title="bbox 110 1292 964 1336; baseline -0.002 -8"><span class='ocrx_word' id='word_1_117' title='bbox 110 1292 328 1329; x_wconf 76' lang='lat' dir='ltr'>Instaurati</span> <span class='ocrx_word' id='word_1_118' title='bbox 345 1294 467 1328; x_wconf 89' lang='lat' dir='ltr'>animi</span> <span class='ocrx_word' id='word_1_119' title='bbox 483 1294 585 1336; x_wconf 82' lang='lat' dir='ltr'>regis</span> <span class='ocrx_word' id='word_1_120' title='bbox 604 1304 823 1328; x_wconf 84' lang='lat' dir='ltr'>succurrere</span> <span class='ocrx_word' id='word_1_121' title='bbox 841 1294 964 1336; x_wconf 81' lang='lat' dir='ltr'>tectis,</span> 
     </span>
     <span class='ocr_line' id='line_1_20' title="bbox 110 1352 1096 1398; baseline -0.003 -9"><span class='ocrx_word' id='word_1_122' title='bbox 110 1353 341 1398; x_wconf 81' lang='lat' dir='ltr'>Auxilioque</span> <span class='ocrx_word' id='word_1_123' title='bbox 357 1354 485 1389; x_wconf 88' lang='lat' dir='ltr'>levare</span> <span class='ocrx_word' id='word_1_124' title='bbox 502 1356 620 1397; x_wconf 83' lang='lat' dir='ltr'>viros,</span> <span class='ocrx_word' id='word_1_125' title='bbox 641 1355 795 1397; x_wconf 77' lang='lat' dir='ltr'>vimque</span> <span class='ocrx_word' id='word_1_126' title='bbox 813 1352 951 1388; x_wconf 81' lang='lat' dir='ltr'>addere</span> <span class='ocrx_word' id='word_1_127' title='bbox 969 1354 1096 1387; x_wconf 77' lang='lat' dir='ltr'>vietis.</span> 
     </span>
     <span class='ocr_line' id='line_1_21' title="bbox 161 1414 1079 1459; baseline -0.002 -9"><span class='ocrx_word' id='word_1_128' title='bbox 161 1415 297 1450; x_wconf 90' lang='lat' dir='ltr'>Limen</span> <span class='ocrx_word' id='word_1_129' title='bbox 313 1419 398 1450; x_wconf 82' lang='lat' dir='ltr'>erat</span> <span class='ocrx_word' id='word_1_130' title='bbox 415 1426 620 1459; x_wconf 85' lang='lat' dir='ltr'>caecaeque</span> <span class='ocrx_word' id='word_1_131' title='bbox 637 1414 739 1450; x_wconf 85' lang='lat' dir='ltr'>fores</span> <span class='ocrx_word' id='word_1_132' title='bbox 756 1419 793 1449; x_wconf 84' lang='lat' dir='ltr'>et</span> <span class='ocrx_word' id='word_1_133' title='bbox 812 1416 966 1458; x_wconf 81' lang='lat' dir='ltr'>pervius</span> <span class='ocrx_word' id='word_1_134' title='bbox 985 1426 1079 1449; x_wconf 84' lang='lat' dir='ltr'>usus</span> 
     </span>
     <span class='ocr_line' id='line_1_22' title="bbox 110 1475 1037 1518; baseline -0.004 -7"><span class='ocrx_word' id='word_1_135' title='bbox 110 1476 318 1511; x_wconf 78' lang='lat' dir='ltr'>Tectorum</span> <span class='ocrx_word' id='word_1_136' title='bbox 333 1477 434 1511; x_wconf 81' lang='lat' dir='ltr'>inter</span> <span class='ocrx_word' id='word_1_137' title='bbox 451 1487 493 1511; x_wconf 89' lang='lat' dir='ltr'>se</span> <span class='ocrx_word' id='word_1_138' title='bbox 509 1475 667 1518; x_wconf 78' lang='lat' dir='ltr'>Priami,</span> <span class='ocrx_word' id='word_1_139' title='bbox 692 1479 894 1518; x_wconf 81' lang='lat' dir='ltr'>postesque</span> <span class='ocrx_word' id='word_1_140' title='bbox 911 1475 1037 1509; x_wconf 87' lang='lat' dir='ltr'>relicti</span> 
     </span>
     <span class='ocr_line' id='line_1_23' title="bbox 112 1534 1119 1580; baseline -0.004 -8"><span class='ocrx_word' id='word_1_141' title='bbox 112 1536 149 1573; x_wconf 89' lang='lat' dir='ltr'>A</span> <span class='ocrx_word' id='word_1_142' title='bbox 166 1540 274 1580; x_wconf 81' lang='lat' dir='ltr'>tergo</span> <span class='ocrx_word' id='word_1_143' title='bbox 289 1548 296 1571; x_wconf 93' lang='lat'><strong>:</strong></span> <span class='ocrx_word' id='word_1_144' title='bbox 325 1536 463 1571; x_wconf 81' lang='lat' dir='ltr'>infelix</span> <span class='ocrx_word' id='word_1_145' title='bbox 480 1548 556 1580; x_wconf 88' lang='lat' dir='ltr'>qua</span> <span class='ocrx_word' id='word_1_146' title='bbox 574 1548 623 1580; x_wconf 80' lang='lat' dir='ltr'>se,</span> <span class='ocrx_word' id='word_1_147' title='bbox 648 1534 741 1570; x_wconf 89' lang='lat' dir='ltr'>dum</span> <span class='ocrx_word' id='word_1_148' title='bbox 759 1547 878 1578; x_wconf 84' lang='lat' dir='ltr'>regna</span> <span class='ocrx_word' id='word_1_149' title='bbox 896 1534 1119 1576; x_wconf 84' lang='lat' dir='ltr'>manebant,</span> 
     </span>
     <span class='ocr_line' id='line_1_24' title="bbox 114 1595 1092 1642; baseline -0.005 -8"><span class='ocrx_word' id='word_1_150' title='bbox 114 1598 273 1642; x_wconf 89' lang='lat' dir='ltr'>Saepius</span> <span class='ocrx_word' id='word_1_151' title='bbox 290 1596 563 1633; x_wconf 85' lang='lat' dir='ltr'>Andromache</span> <span class='ocrx_word' id='word_1_152' title='bbox 580 1597 679 1632; x_wconf 85' lang='lat' dir='ltr'>ferre</span> <span class='ocrx_word' id='word_1_153' title='bbox 695 1597 924 1631; x_wconf 81' lang='lat' dir='ltr'>incomitata</span> <span class='ocrx_word' id='word_1_154' title='bbox 943 1595 1092 1630; x_wconf 80' lang='lat' dir='ltr'>solebat</span> 
     </span>
     <span class='ocr_line' id='line_1_25' title="bbox 113 1654 1146 1701; baseline -0.005 -8"><span class='ocrx_word' id='word_1_155' title='bbox 113 1657 177 1693; x_wconf 91' lang='lat' dir='ltr'>Ad</span> <span class='ocrx_word' id='word_1_156' title='bbox 194 1669 344 1693; x_wconf 87' lang='lat' dir='ltr'>soceros</span> <span class='ocrx_word' id='word_1_157' title='bbox 361 1662 400 1692; x_wconf 86' lang='lat' dir='ltr'>et</span> <span class='ocrx_word' id='word_1_158' title='bbox 419 1669 493 1692; x_wconf 89' lang='lat' dir='ltr'>avo</span> <span class='ocrx_word' id='word_1_159' title='bbox 511 1669 672 1701; x_wconf 89' lang='lat' dir='ltr'>puerum</span> <span class='ocrx_word' id='word_1_160' title='bbox 690 1657 937 1699; x_wconf 73' lang='lat' dir='ltr'>Astyanacta</span> <span class='ocrx_word' id='word_1_161' title='bbox 956 1654 1146 1690; x_wconf 87' lang='lat' dir='ltr'>trahebat.</span> 
     </span>
     <span class='ocr_line' id='line_1_26' title="bbox 114 1716 995 1762; baseline -0.006 -7"><span class='ocrx_word' id='word_1_162' title='bbox 114 1718 251 1755; x_wconf 85' lang='lat' dir='ltr'>Evado</span> <span class='ocrx_word' id='word_1_163' title='bbox 269 1718 320 1754; x_wconf 88' lang='lat' dir='ltr'>ad</span> <span class='ocrx_word' id='word_1_164' title='bbox 337 1720 480 1755; x_wconf 86' lang='lat' dir='ltr'>summi</span> <span class='ocrx_word' id='word_1_165' title='bbox 497 1719 659 1762; x_wconf 80' lang='lat' dir='ltr'>fastigia</span> <span class='ocrx_word' id='word_1_166' title='bbox 677 1718 868 1762; x_wconf 79' lang='lat' dir='ltr'>culminis,</span> <span class='ocrx_word' id='word_1_167' title='bbox 893 1716 995 1752; x_wconf 87' lang='lat' dir='ltr'>unde</span> 
     </span>
     <span class='ocr_line' id='line_1_27' title="bbox 113 1778 1001 1822; baseline -0.003 -8"><span class='ocrx_word' id='word_1_168' title='bbox 113 1779 205 1815; x_wconf 82' lang='lat' dir='ltr'>Tela</span> <span class='ocrx_word' id='word_1_169' title='bbox 222 1791 342 1814; x_wconf 88' lang='lat' dir='ltr'>manu</span> <span class='ocrx_word' id='word_1_170' title='bbox 358 1780 491 1815; x_wconf 89' lang='lat' dir='ltr'>miseri</span> <span class='ocrx_word' id='word_1_171' title='bbox 506 1778 709 1822; x_wconf 86' lang='lat' dir='ltr'>jactabant</span> <span class='ocrx_word' id='word_1_172' title='bbox 726 1780 839 1813; x_wconf 87' lang='lat' dir='ltr'>irrita</span> <span class='ocrx_word' id='word_1_173' title='bbox 855 1778 1001 1813; x_wconf 85' lang='lat' dir='ltr'>Teucri.</span> 
     </span>
     <span class='ocr_line' id='line_1_28' title="bbox 113 1836 1202 1883; baseline -0.005 -8"><span class='ocrx_word' id='word_1_174' title='bbox 113 1840 269 1875; x_wconf 81' lang='lat' dir='ltr'>Turrim</span> <span class='ocrx_word' id='word_1_175' title='bbox 286 1841 328 1874; x_wconf 85' lang='lat' dir='ltr'>in</span> <span class='ocrx_word' id='word_1_176' title='bbox 344 1840 545 1883; x_wconf 84' lang='lat' dir='ltr'>praecipiti</span> <span class='ocrx_word' id='word_1_177' title='bbox 563 1843 733 1875; x_wconf 87' lang='lat' dir='ltr'>stantem</span> <span class='ocrx_word' id='word_1_178' title='bbox 751 1839 985 1881; x_wconf 85' lang='lat' dir='ltr'>summisque</span> <span class='ocrx_word' id='word_1_179' title='bbox 1003 1836 1075 1872; x_wconf 91' lang='lat' dir='ltr'>sub</span> <span class='ocrx_word' id='word_1_180' title='bbox 1094 1841 1202 1871; x_wconf 90' lang='lat' dir='ltr'>astra</span> 
     </span>
     <span class='ocr_line' id='line_1_29' title="bbox 116 1897 998 1944; baseline -0.005 -8"><span class='ocrx_word' id='word_1_181' title='bbox 116 1900 310 1936; x_wconf 87' lang='lat' dir='ltr'>Eductam</span> <span class='ocrx_word' id='word_1_182' title='bbox 327 1902 450 1944; x_wconf 82' lang='lat' dir='ltr'>tectis,</span> <span class='ocrx_word' id='word_1_183' title='bbox 474 1899 577 1935; x_wconf 84' lang='lat' dir='ltr'>unde</span> <span class='ocrx_word' id='word_1_184' title='bbox 594 1901 721 1935; x_wconf 90' lang='lat' dir='ltr'>omnis</span> <span class='ocrx_word' id='word_1_185' title='bbox 736 1899 854 1942; x_wconf 80' lang='lat' dir='ltr'>Troja</span> <span class='ocrx_word' id='word_1_186' title='bbox 872 1897 998 1933; x_wconf 84' lang='lat' dir='ltr'>videri</span> 
     </span>
     <span class='ocr_line' id='line_1_30' title="bbox 116 1960 1066 2003; baseline -0.004 -6"><span class='ocrx_word' id='word_1_187' title='bbox 116 1963 169 1998; x_wconf 87' lang='lat' dir='ltr'>Et</span> <span class='ocrx_word' id='word_1_188' title='bbox 186 1962 367 1997; x_wconf 87' lang='lat' dir='ltr'>Danaum</span> <span class='ocrx_word' id='word_1_189' title='bbox 386 1961 523 1997; x_wconf 86' lang='lat' dir='ltr'>solitae</span> <span class='ocrx_word' id='word_1_190' title='bbox 539 1973 660 1997; x_wconf 84' lang='lat' dir='ltr'>naves</span> <span class='ocrx_word' id='word_1_191' title='bbox 676 1965 716 1996; x_wconf 87' lang='lat' dir='ltr'>et</span> <span class='ocrx_word' id='word_1_192' title='bbox 732 1960 906 1996; x_wconf 91' lang='lat' dir='ltr'>Achaica</span> <span class='ocrx_word' id='word_1_193' title='bbox 924 1964 1066 2003; x_wconf 86' lang='lat' dir='ltr'>castra,</span> 
     </span>
     <span class='ocr_line' id='line_1_31' title="bbox 116 2020 1060 2067; baseline -0.004 -8"><span class='ocrx_word' id='word_1_194' title='bbox 116 2023 302 2067; x_wconf 86' lang='lat' dir='ltr'>Aggressi</span> <span class='ocrx_word' id='word_1_195' title='bbox 320 2022 422 2058; x_wconf 80' lang='lat' dir='ltr'>ferro</span> <span class='ocrx_word' id='word_1_196' title='bbox 439 2024 594 2065; x_wconf 87' lang='lat' dir='ltr'>circum,</span> <span class='ocrx_word' id='word_1_197' title='bbox 618 2034 695 2066; x_wconf 86' lang='lat' dir='ltr'>qua</span> <span class='ocrx_word' id='word_1_198' title='bbox 713 2034 866 2057; x_wconf 86' lang='lat' dir='ltr'>summa</span> <span class='ocrx_word' id='word_1_199' title='bbox 882 2020 1060 2055; x_wconf 81' lang='lat' dir='ltr'>labantes</span> 
     </span>
     <span class='ocr_line' id='line_1_32' title="bbox 116 2071 1093 2127; baseline -0.002 -8"><span class='ocrx_word' id='word_1_200' title='bbox 116 2083 145 2120; x_wconf 85' lang='lat' dir='ltr'><strong>J</strong></span> <span class='ocrx_word' id='word_1_201' title='bbox 145 2089 333 2119; x_wconf 83' lang='lat' dir='ltr'>uncturas</span> <span class='ocrx_word' id='word_1_202' title='bbox 349 2083 529 2119; x_wconf 85' lang='lat' dir='ltr'>tabulata</span> <span class='ocrx_word' id='word_1_203' title='bbox 547 2071 704 2127; x_wconf 83' lang='lat' dir='ltr'>dabant,</span> <span class='ocrx_word' id='word_1_204' title='bbox 728 2082 982 2118; x_wconf 85' lang='lat' dir='ltr'>convellimus</span> <span class='ocrx_word' id='word_1_205' title='bbox 999 2080 1093 2117; x_wconf 85' lang='lat' dir='ltr'>altis</span> 
     </span>
     <span class='ocr_line' id='line_1_33' title="bbox 118 2143 1186 2194; baseline -0.004 -14"><span class='ocrx_word' id='word_1_206' title='bbox 118 2144 278 2187; x_wconf 80' lang='lat' dir='ltr'>Sedibus</span> <span class='ocrx_word' id='word_1_207' title='bbox 294 2145 600 2194; x_wconf 84' lang='lat' dir='ltr'>impulimusque.</span> <span class='ocrx_word' id='word_1_208' title='bbox 657 2144 717 2179; x_wconf 86' lang='lat' dir='ltr'>Ea</span> <span class='ocrx_word' id='word_1_209' title='bbox 734 2143 845 2188; x_wconf 83' lang='lat' dir='ltr'>lapsa</span> <span class='ocrx_word' id='word_1_210' title='bbox 860 2146 1014 2193; x_wconf 87' lang='lat' dir='ltr'>repente</span> <span class='ocrx_word' id='word_1_211' title='bbox 1030 2143 1186 2182; x_wconf 87' lang='lat' dir='ltr'>ruinam</span> 
     </span>
    </p>
   </div>
   <div class='ocr_carea' id='block_1_3' title="bbox 1298 311 1371 346">
    <p class='ocr_par' dir='ltr' id='par_1_3' title="bbox 1298 311 1371 346">
     <span class='ocr_line' id='line_1_34' title="bbox 1298 311 1371 346; baseline 0 0"><span class='ocrx_word' id='word_1_212' title='bbox 1298 311 1371 346; x_wconf 66' lang='lat'>435</span> 
     </span>
    </p>
   </div>
   <div class='ocr_carea' id='block_1_4' title="bbox 1299 616 1372 650">
    <p class='ocr_par' dir='ltr' id='par_1_4' title="bbox 1299 616 1372 650">
     <span class='ocr_line' id='line_1_35' title="bbox 1299 616 1372 650; baseline -0.014 0"><span class='ocrx_word' id='word_1_213' title='bbox 1299 616 1372 650; x_wconf 81' lang='lat'>440</span> 
     </span>
    </p>
   </div>
   <div class='ocr_carea' id='block_1_5' title="bbox 1303 1229 1376 1264">
    <p class='ocr_par' dir='ltr' id='par_1_5' title="bbox 1303 1229 1376 1264">
     <span class='ocr_line' id='line_1_36' title="bbox 1303 1229 1376 1264; baseline 0 -1"><span class='ocrx_word' id='word_1_214' title='bbox 1303 1229 1376 1264; x_wconf 79' lang='lat'>450</span> 
     </span>
    </p>
   </div>
   <div class='ocr_carea' id='block_1_6' title="bbox 1309 1835 1381 1869">
    <p class='ocr_par' dir='ltr' id='par_1_6' title="bbox 1309 1835 1381 1869">
     <span class='ocr_line' id='line_1_37' title="bbox 1309 1835 1381 1869; baseline -0.014 0"><span class='ocrx_word' id='word_1_215' title='bbox 1309 1835 1381 1869; x_wconf 81' lang='lat'>460</span> 
     </span>
    </p>
   </div>
   <div class='ocr_carea' id='block_1_7' title="bbox 1311 2138 1384 2175">
    <p class='ocr_par' dir='ltr' id='par_1_7' title="bbox 1311 2138 1384 2175">
     <span class='ocr_line' id='line_1_38' title="bbox 1311 2138 1384 2175; baseline -0.014 0"><span class='ocrx_word' id='word_1_216' title='bbox 1311 2138 1384 2175; x_wconf 85' lang='lat'>465</span> 
     </span>
    </p>
   </div>
  </div>
 </body>
</html>
