1684 2593
579 163 780 191 AENEIDOS
805 165 881 190 LIB.
914 162 955 191 ΙΙ.

141 251 324 296 Suspensi
341 251 587 296 Eurypylum
606 253 813 288 scitantem
831 252 988 287 oracula
1005 251 1153 287 Phoebi

141 313 336 348 Mittimus
350 325 359 359 3
388 315 495 358 isque
513 312 644 357 adytis
661 312 758 348 haec
775 315 906 349 tristia
925 312 1030 348 dicta
1048 316 1220 357 reportat
1235 325 1242 348 ε

147 376 171 394 “
185 375 382 418 Sanguine
397 374 584 419 placastis
601 378 739 410 ventos
756 378 795 410 et
813 376 966 419 virgine
982 386 1104 420 caesa,

142 436 241 471 Cum
257 437 427 480 primum
444 435 598 481 Iliacas,
622 435 760 482 Danai,
783 436 947 472 venistis
965 434 1016 471 ad
1033 447 1122 471 oras
1136 448 1144 472 :

141 496 338 540 Sanguine
354 496 561 541 quaerendi
577 495 736 541 reditus,
759 498 965 541 animaque
981 495 1176 531 litandum

141 559 363 603 Argolica.’'
414 558 534 603 Vulgi
551 570 648 603 quae
664 570 743 594 vox
759 562 807 594 ut
823 560 932 595 venit
950 557 1000 594 ad
1019 571 1141 603 aures,

142 620 368 664 Obstipuere
386 621 518 664 animi,
541 619 764 664 gelidusque
780 631 848 665 per
865 621 945 655 ima
962 622 1133 654 cucurrit

142 682 241 717 Ossa
258 686 412 727 tremor,
435 682 500 716 cui
516 681 602 716 fata
619 685 768 727 parent⁷
791 693 904 726 quem
921 686 1057 726 poscat
1075 681 1225 724 Apollo.

142 742 217 777 Hic
234 741 397 778 Ithacus
414 746 547 777 vatem
562 754 707 785 magno
725 741 945 779 Calchanta
962 742 1135 777 tumultu

108 812 113 815 ’
141 803 344 839 Protrahit
361 804 404 838 in
420 802 566 839 medios
581 815 590 849 ;
619 815 717 848 quae
734 805 816 839 sint
832 816 877 839 ea
895 805 1059 838 numina
1077 803 1221 838 Divum

140 865 326 908 Flagitat.
382 864 436 899 Et
453 864 553 900 mihi
569 864 651 908 jam
667 864 783 900 multi
800 864 952 900 crudele
969 864 1159 899 canebant

141 925 314 962 Artificis
333 924 467 970 scelus,
485 930 529 974 et
546 927 660 960 taciti
676 929 842 961 ventura
859 925 1053 961 videbant.
1110 954 1113 957 .

96 1000 100 1003 ·
141 987 210 1021 Bis
227 988 365 1030 quinos
384 985 471 1021 silet
488 985 554 1021 ille
570 984 662 1031 dies,
685 989 885 1030 tectusque
900 989 1054 1021 recusat

140 1045 306 1081 P1ode1e
322 1057 416 1081 voce
433 1057 506 1081 sua
523 1057 762 1090 quemquam,
785 1049 856 1080 aut
872 1056 1060 1089 opponere
1077 1047 1203 1081 mortI.

140 1106 218 1141 Vix
235 1105 406 1151 tandem,
427 1107 583 1149 magnis
600 1104 731 1140 Ithaci
748 1102 983 1141 clamoribus
1001 1110 1124 1150 actus,

103 1149 364 1217 *Composito
379 1168 528 1211 rumpit
544 1177 689 1212 vocem,
711 1169 752 1201 et
768 1178 830 1202 me
846 1165 1018 1202 destinat
1036 1179 1080 1201 ai
1083 1178 1136 1202 ae.

92 1217 106 1246 ’Χ
141 1228 350 1264 Assensere
365 1238 522 1274 omnes3
548 1230 599 1273 et,
622 1238 721 1273 quae
736 1226 812 1264 sibi
828 1229 988 1273 quisque
1005 1228 1178 1273 timebat,

140 1289 269 1325 Unius
286 1291 328 1324 in
346 1290 477 1325 miseri
492 1289 656 1324 exitium
672 1300 860 1325 conversa
875 1287 1007 1325 tulere.

141 1349 307 1394 Jamque
324 1348 406 1385 dies
422 1347 588 1384 infanda
605 1348 741 1384 aderat
754 1361 764 1395 3
792 1348 891 1384 mihi
908 1361 1020 1385 sacra
1038 1351 1179 1395 parari,

140 1410 194 1445 Et
212 1409 339 1446 salsae
355 1410 498 1455 fruges,
520 1415 560 1446 et
577 1411 725 1444 circum
740 1413 916 1454 tempora
932 1411 1067 1446 vittae.

141 1471 278 1514 Eripui
298 1470 452 1516 (fateor)
471 1469 637 1516 letome,
659 1472 699 1506 et
715 1470 875 1506 vincula
890 1472 979 1515 rupi
999 1482 1008 1518 ;

141 1533 371 1576 Limosoque
386 1531 475 1567 lacu
491 1542 558 1576 per
574 1535 728 1568 noctem
745 1531 932 1568 obscurus
949 1533 991 1568 in
1006 1531 1102 1569 ulva

141 1592 294 1639 Delitui,
318 1592 412 1628 dum
427 1593 516 1629 vela
532 1592 681 1640 darent,
704 1594 740 1630 si
756 1592 858 1630 forte
874 1592 1082 1630 dedissent.

141 1654 219 1690 Nec
236 1654 335 1689 mihi
351 1654 432 1698 jam
449 1656 620 1699 patriam
636 1656 841 1700 antiquam
857 1667 944 1700 spes
960 1654 1043 1691 ulla
1059 1654 1218 1691 videndi

141 1715 219 1751 Nec
237 1714 368 1751 dulces
385 1720 502 1752 natos
518 1719 820 1761 exoptatumque
835 1720 1035 1762 parentem
1049 1728 1057 1761 ;

141 1775 247 1819 Quos
264 1776 323 1811 illi
341 1776 422 1812 fors
439 1781 477 1812 et
494 1788 639 1821 poenas
656 1776 706 1812 ob
722 1781 860 1813 nostra
876 1781 1077 1821 reposcent

140 1837 308 1882 Effugia,
330 1841 369 1873 et
387 1838 541 1881 culpam
558 1837 661 1872 hanc
677 1839 907 1874 miserorum
924 1843 1049 1873 morte
1065 1838 1240 1882 piabunt.

141 1897 252 1942 Quod
269 1902 317 1944 te,
342 1910 408 1942 per
426 1910 583 1942 superos
601 1904 638 1934 et
658 1901 814 1935 conscia
830 1901 995 1935 numina
1011 1902 1105 1944 veri⁷

139 1959 224 2005 Per,
249 1960 283 1995 si
300 1971 377 2004 qua
393 1963 466 2003 est,
487 1971 585 2004 quae
600 1963 719 1995 restet
736 1959 866 1995 adhuc
882 1960 1114 1996 mortalibus
1132 1973 1297 2005 usquam

139 2020 378 2056 Intemerata
394 2019 500 2066 fides,
524 2031 602 2065 oro,
625 2021 804 2057 miserere
820 2020 1000 2056 laborum

137 2081 365 2127 Tantorum,
389 2082 569 2117 miserere
586 2082 709 2117 animi
725 2093 806 2117 non
823 2081 944 2126 digna
962 2082 1151 2119 ferentis.'

189 2140 267 2178 His
283 2141 457 2179 lacrimis
474 2143 600 2179 vitam
617 2140 768 2189 damus,
791 2146 830 2179 et
847 2145 1130 2180 miserescimus
1148 2144 1263 2180 ultro.

1337 312 1406 347 115

1337 619 1408 654 120

1337 1228 1410 1263 130

1338 1531 1410 1569 135

1337 1839 1409 1875 140

1337 2144 1410 2180 145
