1684 2593
241 140 285 173 16
658 151 692 177 r.
724 151 890 176 vamum
918 151 1094 176 MARONIS

239 237 335 273 Cum
356 239 486 272 sonitu
506 239 640 281 trahit,
664 243 699 273 et
721 238 899 273 Danaum
919 251 1032 282 super
1050 241 1207 282 agmina
1227 239 1303 276 late

239 299 394 334 Incidit.
449 299 525 334 Ast
544 299 610 334 alii
630 299 795 335 subeunt
811 312 818 345 ;
849 312 916 335 nec
937 313 1033 335 saxa
1052 312 1121 335 nec
1140 301 1264 336 ullum

238 359 416 395 Telorum
436 360 582 395 interea
600 364 727 395 cessat
746 372 879 404 genus.

287 420 532 456 Vestibulum
551 426 642 457 ante
660 423 787 465 ipsum
804 423 1006 466 primoque·
1021 423 1061 456 in
1079 421 1212 458 limine
1230 422 1407 466 Pyrrhus

239 482 412 527 Exultat,
436 482 525 518 telis
542 486 580 518 et
598 482 683 518 luce
700 494 884 519 coruscus
903 487 1003 519 aena
1018 495 1028 530 3

238 543 373 586 Qualis
390 542 458 578 ubi
476 544 517 578 in
534 543 659 579 lucem
677 543 840 590 coluber,
864 545 970 580 mala
988 546 1168 589 gramina
1187 550 1334 590 pastus,

238 603 399 648 Frigida
416 604 488 640 sub
507 608 610 640 terra
627 604 824 640 tumidum
840 618 952 650 quem
970 605 1109 642 bruma
1127 607 1293 650 tegebat,

238 666 350 700 Nunc
367 667 506 709 positis
523 678 650 702 novus
666 667 819 702 exuviis
836 666 1060 711 nitidusque
1078 667 1253 711 juventa,

237 726 405 762 Lubrica
423 727 623 762 convolvit
641 726 796 763 sublato
814 732 965 772 pectore
983 733 1105 773 terga,

238 787 395 824 Arduus
413 787 463 823 ad
482 788 611 832 solem,
634 792 673 823 et
690 788 838 832 linguis
856 791 976 824 micat
994 801 1058 825 ore
1075 790 1258 826 trisulcis.

238 849 329 885 Una
346 850 484 893 ingens
502 849 701 894 Periphas,
725 853 764 885 et
780 862 965 894 equorum
983 852 1155 894 agitator
1173 851 1340 887 Achillis
1395 890 1400 895 ⁸

237 911 417 954 Armiger
434 910 690 956 Automedon,
714 924 794 946 una
812 913 939 947 omnis
958 912 1094 955 Scyria
1111 911 1229 956 pubes

239 971 455 1008 Succedunt
473 976 584 1017 tecto,
608 976 647 1008 et
664 971 846 1009 flammas
865 972 915 1008 ad
933 973 1105 1009 culmina
1123 973 1284 1018 jactant.

238 1033 325 1077 Ipse
342 1034 443 1068 inter
460 1035 606 1077 primos
625 1038 800 1078 correpta
818 1033 917 1069 dura
935 1033 1093 1078 bipenni

238 1095 394 1130 Limina
412 1096 634 1139 perrumpit,
659 1099 861 1139 postesque
879 1108 902 1131 a
920 1095 1077 1131 cardine
1095 1096 1204 1131 vellit

239 1156 403 1191 Aeratos
418 1168 426 1202 3
456 1155 610 1200 jamque
626 1158 756 1192 excisa
774 1156 885 1192 trabe
902 1156 1016 1192 firma
1034 1159 1192 1192 cavavit

237 1217 405 1262 Robora,
427 1220 467 1253 et
484 1218 679 1261 ingentem
697 1217 779 1252 lato
798 1217 902 1253 dedit
921 1230 985 1254 ore
1003 1219 1224 1254 fenestram.

239 1279 409 1323 Apparet
427 1277 565 1315 domus
583 1280 702 1324 intus,
725 1284 763 1315 et
782 1281 885 1315 atria
901 1279 1021 1323 longa
1039 1284 1244 1324 patescunt
1260 1293 1267 1326 3

238 1341 438 1384 Apparent
455 1340 605 1376 Priami
621 1344 660 1376 et
677 1345 852 1376 veterum
868 1341 1081 1385 penetralia
1098 1353 1243 1386 regum,

239 1402 497 1446 Armatosque
515 1401 649 1437 vident
667 1406 818 1438 stantes
836 1404 877 1437 in
895 1402 1028 1438 limine
1044 1404 1178 1447 primo.

218 1467 259 1501 ts
288 1463 343 1498 At
360 1461 498 1498 domus
516 1464 676 1498 interior
694 1465 840 1507 gemitu
858 1465 1072 1508 miseroque
1089 1464 1260 1499 tumultu

240 1523 433 1569 Miscetur,
458 1525 686 1568 penitusque
703 1536 822 1560 cavae
840 1524 1094 1568 plangoribus
1113 1524 1225 1561 aedes

239 1586 432 1621 Femineis
449 1585 604 1620 ululant
620 1598 627 1621 ε
658 1586 748 1621 ferit
767 1598 884 1621 aurea
902 1586 1030 1622 sidera
1048 1587 1203 1622 clamor.

240 1645 339 1680 Tum
356 1644 520 1689 pavidae
536 1647 650 1681 tectis
668 1650 813 1681 matres
831 1646 1057 1689 ingentibus
1075 1650 1217 1693 errant,

241 1706 524 1750 Amplexaeque
540 1709 674 1741 tenent
690 1710 830 1751 postes,
856 1710 972 1750 atque
989 1706 1124 1742 oscula
1141 1707 1279 1750 figunt.

196 1801 200 1803 c
242 1768 372 1803 Instat
388 1768 431 1803 vi
447 1769 576 1812 patria
595 1767 773 1818 Pyrrhus
789 1780 796 1803 :
826 1780 896 1803 nec
914 1768 1088 1804 claustra
1106 1780 1227 1812 neque
1245 1770 1320 1813 ipsi

242 1827 431 1864 Custodes
445 1827 604 1864 sufferre
620 1828 753 1863 valent
771 1840 778 1863 :
808 1828 918 1863 labat
936 1830 1056 1864 ariete
1073 1828 1206 1864 crebro

243 1888 269 1924 J
273 1902 385 1933 anua,
408 1893 446 1924 et
464 1890 583 1924 emoti
599 1889 857 1933 procumbunt
875 1889 1032 1925 cardine
1050 1894 1189 1934 postes.

243 1951 308 1986 Fit
325 1952 391 1986 via
408 1952 450 1986 vi
465 1963 472 1986 :
502 1955 691 1995 rumpunt
709 1951 850 1997 aditus,
874 1953 1092 1995 primosque
1109 1951 1307 1987 trucidant

244 2012 416 2047 Immissi
433 2011 571 2057 Danai,
595 2015 634 2047 et
651 2012 730 2048 late
746 2012 833 2048 loca
850 2013 974 2048 milite
991 2012 1194 2057 complent.
1215 2039 1234 2048 -

244 2074 332 2107 Non
350 2074 416 2118 sic,
440 2072 647 2118 aggeribus
665 2075 792 2117 ruptis
810 2085 899 2108 cum
917 2085 1097 2117 spumeus
1115 2075 1243 2110 amnis

243 2132 354 2168 Exiit
371 2135 643 2179 oppositasque
659 2135 776 2170 evicit
794 2135 950 2178 gurgite
966 2134 1095 2178 moles,

1430 485 1503 520 470

1433 791 1506 825 475

1435 1097 1508 1130 480

1436 1403 1508 1438 485

1437 1707 1510 1742 490

1438 2011 1512 2046 495
